1740 3300
181 148 215 216 Ia
234 150 248 214 Ι
268 148 292 214 Β
312 147 339 213 Ε
362 142 394 214 R
435 143 635 214 XXXVIII.
682 226 684 231 ,
717 166 773 233 241

38 258 126 318 meni
148 252 332 313 Chersonesum
351 255 378 311 in
403 257 506 328 Europa
529 255 556 310 ὃ(
581 250 783 326 Lysimachiam,

40 337 156 402 castalia,
174 339 253 400 vicos,
272 354 354 413 agros,
376 333 469 410 quibus
489 332 582 389 finibus
598 347 712 390 tenuerat
729 339 783 390 rin·

40 419 162 484 mochus,
180 420 343 494 adjecerunt:
364 417 392 472 in
405 416 463 474 Asu
476 413 616 492 Phrygiam
628 429 783 491 utramquea

39 501 154 562 aiteram
177 501 209 558 ad
232 496 433 574 Hellespontum,
459 495 591 570 majorem
612 494 716 552 aiteram
736 513 787 553 ro·

38 597 126 644 eant:
145 585 175 640 δι
195 579 319 656 Mysiam,
335 595 414 655 quam
429 577 527 635 trusus
539 595 585 633 rex
604 577 742 641 ademerat,
760 578 786 634 ei

38 664 231 722 restituerunt:
253 664 281 718 be
299 662 466 734 LymouIam
482 660 514 716 bt
527 657 645 735 mylimn
664 663 691 717 δι
707 658 787 735 Lydi·

40 764 107 810 am,
131 746 160 802 &
175 740 331 800 nominatim
344 739 425 804 urbea,
442 736 545 802 naues,
561 753 638 815 atque
653 738 785 817 Ephesum

44 831 81 887 δι
107 821 271 882 Telmiffum.
311 825 353 878 De
370 818 521 896 Pamphylia
538 817 705 896 disceptatum
720 822 787 880 inter

45 913 203 969 Eumenem
225 909 254 963 bt
277 902 397 963 Antiochi
418 902 516 980 legatos
530 919 613 977 quum
634 900 702 967 esset,
725 903 787 980 quia

42 1007 112 1067 pars
125 988 183 1063 ejus
195 986 266 1048 citra.
286 1003 342 1060 pars
354 982 419 1042 ultra
431 994 550 1046 Taurum
561 983 617 1046 esta
635 985 731 1064 integra
747 1002 787 1041 ree

43 1070 83 1128 ad
99 1067 219 1126 senatum
229 1066 354 1140 rejIcitur.

95 1153 160 1208 XL.
179 1139 233 1206 His*
242 1147 381 1205 foederibus
400 1144 555 1224 decretisque
573 1148 644 1211 datis.
665 1147 788 1215 Manlius.

47 1249 120 1293 cum
133 1227 324 1308 decemlegttis
335 1229 460 1307 omnique
472 1230 583 1288 exercitu
596 1231 627 1287 ad
639 1230 789 1309 Hellespon·

46 1329 119 1374 tum
138 1309 279 1388 profusius,
298 1311 410 1368 evocatis
426 1309 461 1367 eb
481 1309 573 1388 regulis
593 1309 736 1376 Gallorum,
755 1313 790 1369 ie·

49 1413 116 1477 gea,
134 1391 226 1469 quibua
243 1410 336 1468 pacem
354 1410 417 1449 cum
430 1395 549 1449 Eumene
560 1391 693 1455 servarent,
710 1393 791 1460 diuite

49 1473 282 1551 denunciavitque,
300 1485 331 1531 ut
347 1490 451 1530 morem
469 1473 576 1552 vagandi
590 1491 652 1532 cum
666 1475 744 1531 armis
757 1474 791 1533 fi-

49 1558 154 1621 nitent,
180 1573 352 1634 agrorumque
368 1553 474 1614 suorum
495 1556 613 1613 terminis
633 1553 658 1612 se
675 1558 792 1615 eontine-

48 1654 126 1698 rent.
165 1638 313 1696 Contrastia
326 1637 417 1694 deinde
431 1655 464 1693 ex
478 1637 554 1693 omni
572 1652 616 1693 ora
629 1637 744 1702 navibus,
765 1641 793 1697 δι

49 1719 188 1784 Eumenis
207 1719 286 1776 etiam
302 1715 375 1773 classe
387 1734 432 1793 per
446 1713 600 1773 Athenaeum
612 1715 716 1774 fratrem
727 1719 795 1798 regis

50 1802 92 1862 ab
108 1799 176 1859 Elaea
192 1799 309 1862 addubba,
329 1798 413 1872 copias
427 1814 520 1855 omnes
536 1797 563 1854 in
574 1801 705 1875 Europam
717 1802 794 1876 traje-

54 1884 109 1944 cit.
131 1880 191 1937 iude
203 1898 247 1957 per
260 1875 445 1936 Cherstuesum
459 1879 568 1938 modicis
578 1879 707 1939 itineribus
718 1900 795 1962 grate

55 1964 147 2044 praeda
166 1961 254 2019 omnis
267 1961 367 2041 generis
385 1978 481 2038 agmen
496 1961 603 2026 trahens,
626 1964 795 2037 Lysimachiae

59 2046 153 2107 stativa
170 2043 277 2102 babuit:
300 2057 329 2101 ut
346 2044 541 2120 quammaxime
553 2043 696 2119 recentibus
710 2051 738 2106 be
755 2047 796 2103 in·

59 2127 143 2207 tegtis
168 2125 293 2202 jumentis
312 2125 461 2188 Thraciam,
486 2144 532 2202 per
551 2144 631 2202 quam
650 2127 697 2185 itet
718 2126 797 2206 rulgd

63 2205 211 2272 horrebant,
224 2205 404 2286 ingrederetur.
431 2209 495 2281 Quo
504 2208 636 2283 protadius
647 2210 683 2265 est
696 2206 729 2264 ab
745 2213 798 2284 Ly·

63 2288 188 2349 fimacbia
207 2288 256 2351 die,
273 2288 304 2346 ad
325 2303 431 2343 amnem
453 2287 563 2350 Melana,
578 2306 658 2364 quem
680 2304 798 2355 vocante

64 2371 136 2433 inde,
158 2369 258 2442 postero
270 2366 320 2429 die,
336 2363 444 2442 Cypsela
457 2368 584 2440 pervenit:
604 2366 746 2443 dCypseIis
760 2371 801 2429 via

67 2454 164 2512 decem
180 2446 291 2504 millium
308 2445 360 2504 fere
377 2443 501 2510 filvestris,
519 2449 635 2525 angusta,
653 2447 800 2529 mnfmgosa

65 2527 219 2608 excipiebat.
240 2543 341 2603 propter
362 2525 439 2600 cuijus
457 2527 634 2586 difficultatem
655 2530 751 2590 itineris
773 2533 801 2591 in

67 2617 132 2674 duas
145 2624 227 2687 partes
242 2606 337 2665 divisus
349 2606 482 2667 exercitus.
495 2613 524 2667 bt
535 2609 676 2684 praecedere
686 2629 738 2670 una
747 2613 800 2688 jus·

67 2695 107 2759 ᾗ,
126 2691 201 2751 altera
221 2707 321 2769 magno
341 2686 472 2747 intervallo
487 2707 579 2768 cogere
597 2709 701 2770 agmen,
718 2696 802 2756 media

69 2773 258 2852 impedimenta
280 2768 452 2848 interposuit:
482 2769 673 2849 plaudiacum
696 2778 804 2853 pecunia

58 2855 175 2940 -pubiica
187 2867 267 2929 eraut,¹
275 2851 438 2931 pretiosaque
449 2851 495 2917 alia
505 2853 598 2930 praeda.
615 2857 706 2934 Itaque
719 2873 804 2932 quum

90 2984 94 2993 .
113 2944 199 2999 Vna.
216 2942 250 2997 V.
490 2938 517 3000 I.
549 2985 550 2988 ,
756 2947 805 3006 per
