1740 3300
203 155 414 226 LIBER
460 154 624 225 XXXVI.
735 174 775 240 93

10 297 15 327 ·.
50 270 143 334 AEtoli.
181 271 316 329 Prosunt,
336 267 632 343 inquuaedificiaexuo
647 265 737 324 urbem
751 286 779 324 e·

10 372 13 386 ¹
51 370 117 418 rant,
134 369 218 428 oeque
229 347 371 407 defenditur
380 366 464 424 neque
478 364 658 426 oppugnatur:
684 350 724 405 sed
735 351 780 425 qui

10 458 17 489 ·.
51 445 239 514 oppugmrcut,
259 431 351 489 intenti
364 429 468 507 signum
481 428 669 505 cxlpcddnbont,
693 430 780 487 defen·

49 516 92 577 sor
105 532 188 573 nemo
198 513 290 570 aderat.
312 511 377 588 'Jom
391 509 565 575 dilucescebrt,
580 530 663 587 quum
677 511 783 588 fignum

10 616 19 651 t
50 596 142 658 nonlul
155 594 237 653 dedit:
255 596 284 651 δι
294 591 347 648 fine
357 589 409 649 ullo
422 594 561 650 certamine
572 594 665 667 purtim
679 610 725 667 per
744 591 783 648 se·

54 680 160 740 mirum,
176 676 271 752 purtim
287 671 356 730 sonlis
369 673 482 750 integros
497 692 588 730 muros
601 672 785 731 nansoendere.

55 759 140 819 Simul
160 757 266 820 clamor,
290 753 367 811 index
383 755 451 829 capti
470 755 568 831 oppidi,
586 756 622 811 est
636 755 784 812 exauditus:

10 866 18 899 r
54 842 168 919 undique
182 836 271 902 AEtoli,
288 833 389 894 desertis
400 836 558 899 stotlombus,
583 836 611 891 in
632 854 718 894 arcem
740 837 784 893 fu·

53 925 141 1003 giunt.
177 919 314 996 Oppidum
326 917 447 981 videres,
464 916 586 991 permiffu
604 918 722 983 consulis,
744 918 785 974 di-

10 1030 16 1065 :
54 1006 165 1083 ripiunt:
187 1017 241 1058 uon
260 1014 317 1057 tum
336 997 368 1057 ob
387 999 433 1061 im,
451 1015 499 1055 occ
519 996 551 1054 nb
565 996 634 1061 odio,
651 996 732 1075 quim
754 1012 786 1057 ut

10 1112 16 1145 r
58 1085 142 1146 miles,
160 1080 321 1138 co'e'rcitusin
334 1079 658 1156 totrcccptiscrpotcllute
668 1080 784 1137 hostium

10 1192 17 1227 ς
58 1164 174 1226 urbibus,
191 1160 274 1238 aliquo
284 1161 388 1218 tandem
402 1161 461 1219 loco
470 1159 587 1218 studium
600 1162 716 1219 vidiorr'ae
731 1161 787 1218 scn-
862 1186 864 1191 ·

10 1258 16 1307 1·
57 1248 128 1307 tiret.
166 1247 310 1303 Revocatos
324 1242 383 1299 inde
400 1240 416 1299 ti
436 1241 523 1299 medio
542 1242 624 1300 ferme
635 1244 676 1299 die
693 1242 788 1300 militer

10 1356 16 1393 t
61 1346 147 1404 quum
168 1326 196 1381 in
218 1325 280 1381 duos
297 1321 416 1379 divififfet
433 1337 529 1397 partes:
562 1342 643 1381 unum
662 1325 788 1380 radicibus

10 1445 12 1455 ·
61 1408 197 1467 montium
211 1404 370 1462 circumduci
384 1403 518 1479 udrupcm
540 1404 625 1477 jullitt
653 1405 729 1479 (quae,
752 1406 789 1462 fn·

10 1522 14 1553 :
60 1490 138 1569 stigio
149 1486 286 1545 altitudinis
298 1504 352 1562 por,
371 1484 456 1542 modia
472 1482 532 1541 valle
544 1485 614 1543 velut
633 1486 738 1563 abrupta
756 1486 788 1542 ab

10 1602 12 1608 r
59 1590 117 1630 arce
129 1584 197 1635 σοις
215 1566 256 1625 sed
270 1567 332 1625 tdcd
346 1585 427 1643 prope
442 1568 574 1645 geminata
592 1570 726 1626 cacumina
743 1586 789 1624 co·

57 1671 121 1710 rum
134 1652 268 1708 montium
281 1647 347 1711 lunt,
365 1662 396 1704 ut
406 1666 438 1703 ex
449 1649 542 1705 vertice
554 1648 633 1704 altero
645 1650 741 1723 conjici
754 1664 792 1706 te-

60 1732 86 1790 la
104 1734 133 1787 in
153 1748 241 1788 urcem
260 1726 368 1803 poffint)
388 1744 451 1783 cum
469 1728 575 1784 dimidia
588 1728 701 1785 militum
720 1743 792 1805 porte

64 1810 164 1876 consul,
188 1809 219 1867 ab
239 1808 301 1865 urbe
320 1805 463 1865 ascensurus
479 1808 505 1864 in
523 1828 620 1872 mecm,
636 1809 739 1887 lignum
760 1810 793 1867 ab

63 1896 107 2033 li}
121 1888 793 2049 qil,‘lullulilr‘llllffilusslffi

60 2036 238 2132 corum‚¹qui
257 2072 349 2129 rupem
364 2070 495 2129 ceperant,
521 2054 678 2118 clamorem,
703 2056 795 2112 dcinde

57 2141 194 2214 impetum
206 2135 238 2192 ab
249 2136 312 2192 urbe
328 2138 526 2202 Romanorum
549 2141 576 2195 δι
591 2135 680 2193 frndlis
697 2142 753 2211 jam
767 2155 795 2193 a·

63 2220 156 2283 nimis,
172 2221 201 2276 du
213 2215 280 2273 nulla
291 2216 325 2272 ibi
337 2232 474 2291 praeptrntn
488 2234 515 2271 tc
528 2219 558 2273 ud
580 2216 738 2273 obfidionem
756 2218 796 2273 di·

64 2300 136 2357 otius
144 2296 320 2355 tolerandum:
336 2310 426 2371 utpote
441 2298 603 2374 congregatis
616 2297 720 2353 feminis
734 2316 798 2373 pue·

63 2378 159 2455 risque,
177 2382 206 2435 dc
221 2375 316 2433 imbelli
327 2375 373 2434 alin
385 2377 460 2434 turbo
471 2379 499 2433 in
511 2396 608 2439 arcem,
627 2395 683 2453 quae
697 2377 741 2432 vix
755 2396 797 2435 cu·

65 2478 137 2539 pere,
156 2458 254 2513 nodum
266 2458 330 2514 tucri
343 2456 534 2515 multitudinem
549 2471 648 2515 tantum
665 2458 755 2533 pollet.
775 2460 797 2516 i·

64 2558 149 2619 taque
162 2539 192 2595 ad
206 2540 322 2613 primum
337 2539 465 2612 impetum
479 2539 587 2613 objectis
604 2540 681 2594 armis
698 2540 798 2597 dtdide-

66 2636 132 2683 runt
146 2619 207 2677 sese.
247 2616 364 2675 unditus
375 2620 440 2675 inter
459 2614 556 2676 ceteros
569 2620 685 2695 princeps
699 2622 798 2679 AEtolo·

69 2721 133 2760 rum
144 2700 313 2759 Damocritus
325 2700 373 2755 eli:
401 2701 446 2776 qui
462 2701 588 2777 principio
600 2700 656 2757 belli
669 2702 799 2760 dumetum

70 2781 229 2848 AEtolorum,
253 2800 309 2860 quo
327 2780 504 2841 orceffcmlum
525 2780 692 2842 mmmmm
706 2782 849 2895 &KQ
