1740 3300
242 127 453 197 utnon
495 128 588 196 xus.
716 128 775 218 417

31 231 229 312 ¹popularentur,
250 234 322 292 dolor
336 235 418 310 magis
435 239 462 292 δι
480 235 630 312 indignatio,
647 235 722 310 diripi
737 258 776 292 res

38 317 99 374 suas
116 330 256 378 cernentes,
283 317 368 380 Istros,
393 334 472 390 quam
484 331 558 400 ‘certa
576 316 638 390 spes,
655 317 712 374 sartis
727 319 774 374 'fili

37 400 137 455 virium
155 397 270 454 adversus
289 398 354 454 duos
369 397 501 461 exercitus,
526 399 628 457 excivit.
648 400 775 458 concursu

37 498 73 538 ex
94 479 217 536 omnibus
233 476 333 554 populis
352 477 493 551 juventutis
515 477 593 542 fodio,
622 483 770 558 repentinus

34 564 72 619 ’δε
99 558 280 617 tumultuarius
302 559 427 615 exercitus
448 556 528 616 acriis
549 560 637 634 primo
661 562 772 640 impetu,

33 637 120 718 quim
134 635 339 718 persetmaotitls,
358 640 489 717 pugnavit.
531 640 569 696 nd
589 656 699 717 quatuor
710 643 771 702 mil·

35 721 71 781 lia
89 739 181 780 torum
198 722 226 778 in
243 721 297 779 acie
316 720 397 778 caesa:
425 723 510 784 ceteri,
539 722 773 789 minutulum

37 803 154 862 civitates
165 802 257 878 passam
274 799 440 879 diffugerunt.
467 801 526 858 inde
540 801 635 880 legatos
653 804 770 880 primirm

36 885 70 943 ad
82 902 175 962 pacem
189 883 324 961 petendam
338 884 365 938 in
380 883 457 941 milra
470 885 601 948 Romana,
620 886 709 944 deinde
723 887 772 944 ob·

36 966 102 1024 fides
114 967 251 1044 imperatos
266 963 398 1024 miserunt.
438 969 502 1023 Haec
514 983 597 1040 quum
612 968 707 1026 Romae
724 989 771 1027 co·

34 1049 112 1125 gnita
124 1046 200 1105 literis
214 1045 395 1124 proconsulum
411 1047 498 1112 effent,
520 1049 555 1106 C.
568 1046 688 1108 Claudius
706 1070 771 1108 con·

35 1128 83 1194 sul,
100 1131 200 1186 *veritus
216 1147 249 1185 ne
261 1125 328 1185 forte
342 1146 370 1185 ea
385 1128 603 1203 res,provinciam
616 1134 771 1189 exercitum

37 1209 146 1287 quesibi
160 1204 289 1273 adimeret,
322 1198 376 1265 n’on
389 1209 456 1266 votis
468 1214 629 1286 nuncupatis,
659 1232 712 1270 nou
724 1234 770 1290 pa·

37 1290 146 1356 indatus,
160 1291 212 1350 fine
225 1290 365 1354 littoribus,
387 1307 443 1349 uno
455 1292 578 1359 omnium
600 1295 707 1350 certiore
728 1295 770 1352 fa·'

37 1374 85 1430 clo
101 1371 205 1450 collega,
233 1373 312 1429 nodie
330 1370 463 1446 profetius
484 1389 596 1447 praeceps
614 1373 640 1429 in
665 1377 770 1450 provin·

37 1456 106 1512 ciam
126 1454 206 1513 abiit:
236 1452 280 1510 ubi
303 1449 475 1516 inconsultius,
502 1450 581 1528 quim
604 1471 713 1520 venerat,
743 1459 769 1514 so

37 1535 121 1613 geiirt.
150 1553 213 1593 nam
236 1553 319 1610 quum
341 1535 468 1592 concione
492 1532 616 1593 advocata
639 1537 728 1616 fugam
753 1537 769 1595 ὲ

38 1618 123 1675 castris
136 1621 166 1677 rt.
179 1615 267 1674 Manlii
281 1615 387 1673 advertis
406 1614 506 1672 auribus
524 1605 638 1673 militiam
662 1621 768 1696 (quippe

37 1699 83 1775 qui
107 1699 185 1775 primi
207 1697 252 1773 ipsi
273 1697 405 1775 fugissent)
429 1696 550 1768 jaddun,
583 1699 769 1778 ingeffitserque

35 1778 128 1857 probra
142 1784 181 1838 M.
193 1779 281 1859 Junio,
294 1775 407 1855 quddse
423 1777 553 1835 dedecoris
572 1777 671 1837 socium
693 1781 769 1840 colle·

37 1880 78 1940 gae
104 1861 225 1924 fecisset,
254 1859 284 1918 ad
312 1875 461 1919 extremum
484 1863 768 1940 utrumqueudecedere

33 1945 167 2020 provincia
180 1940 258 2016 juilrt.
299 1938 375 2016 Qudd
390 1959 473 2016 quum
488 1940 581 1998 milites
589 1943 702 2013 ‚consulis
715 1947 769 2002 im⁴

35 2025 107 2102 perio
122 2025 194 2103 ditio
210 2023 338 2080 audientes
356 2024 456 2079 futuros
472 2019 521 2079 sest
536 2025 658 2089 dicerent,
682 2046 769 2103 quum

36 2108 58 2164 is
78 2125 154 2164 more
174 2106 316 2179 majorum,
348 2101 487 2160 secundum
507 2121 570 2162 vota
586 2108 614 2162 in
636 2108 768 2185 Capitolio

35 2203 193 2263 nuncupata,
212 2205 275 2244 cum
285 2185 427 2249 littoribus,
442 2185 573 2261 paludatus
584 2187 721 2262 profeeius·
734 2191 769 2247 ab

33 2268 192 2334 urbe-esur,
211 2268 297 2326 furens
317 2267 362 2330 ira,
377 2281 502 2323 vocatum
517 2269 562 2343 qui
583 2288 631 2343 pto
642 2272 770 2346 quaestore

33 2350 126 2411 Manlii
138 2365 199 2414 erat,
219 2364 318 2407 catenas
333 2347 469 2423 poposcit,
497 2348 599 2405 viullos
615 2350 640 2406 se
656 2355 770 2430 junium

32 2432 217 2508 Manliumque
226 2431 348 2501 minitans
364 2434 479 2486 Romam
493 2430 640 2492 miliorum.
680 2432 772 2490 Abeo

31 2532 140 2596 quoque
154 2513 268 2589 spretum
291 2509 400 2570 consulis
420 2512 558 2587 imperium
577 2513 634 2572 eli:
659 2518 696 2573 ,δι
719 2515 773 2573 cir-.

31 2595 170 2659 cumfusus
187 2595 320 2656 exercitus,
339 2592 426 2651 favens
437 2594 623 2668 imperatorum
639 2596 727 2654 caulis
739 2602 768 2656 δι

33 2679 134 2740 consuli
149 2675 264 2736 infestus,
289 2676 392 2732 animos
410 2675 442 2735 ad
463 2676 673 2752 non-ptrcndum
691 2681 768 2735 adde-

31 2764 88 2820 bat.
127 2755 262 2817 Postrcmd
272 2756 390 2834 fatigatus
402 2755 491 2820 consul
503 2761 530 2814 ὃ(
543 2757 705 2816 contumeliis
718 2761 770 2815 lin·

31 2841 161 2928 gulosum
180 2837 392 2901 &multitudinis
412 2841 486 2909 (nam
507 2836 605 2918 iusuper
626 2840 772 2975 irridelprptl

365 2924 382 2978 S
403 2939 421 2998 5
579 2959 582 2964 -
716 2922 783 2991 u'u¹
