1740 3300
224 155 434 224 LIBER
476 154 553 224 XL.
707 172 765 240 377

37 262 156 325 entium,
179 258 335 319 deditionem
356 261 503 319 Contrebiae
525 267 553 320 δι
575 258 646 315 suum
668 257 769 315 cladem

38 344 172 407 narrando.
190 359 345 401 averterunt,
364 345 494 419 extemplo
506 346 534 399 in
547 343 620 398 vicos
631 340 777 415 castellaque

38 422 80 483 fila
93 443 191 482 omnen
199 424 296 501 dilapsi.
337 424 440 482 Flaccus
455 425 470 482 ὲ
483 424 623 482 Contrebia
634 422 776 499 proficuus.

37 522 82 581 per
92 506 261 565 Celtiber-‘nm
274 505 467 582 populabundus
480 507 551 565 ducit
560 505 686 584 legiones:
706 500 776 559 mul-

38 600 63 647 ta
73 586 175 647 castella
183 589 356 666 oppugnarit,
372 589 456 647 donec
464 590 581 647 maxima
591 605 649 665 para
662 583 775 642 Celtibe·

38 684 131 729 tumm
146 671 175 727 in
186 669 346 727 deditionem
359 671 438 727 venit.

78 753 213 809 XXXIV.
244 755 308 808 llaec
330 751 358 806 in
378 752 492 810 citeriore
515 752 634 827 Hispania
653 769 687 808 eo
704 766 776 808 auno

38 833 120 911 gesta.
162 836 197 891 Et
208 832 236 887 in
247 829 364 890 ulteriooe
375 834 487 890 Manlius
499 848 593 911 praeta
604 833 713 890 secunda
728 831 774 889 ali·

38 929 107 992 quot
119 911 213 990 puelia
223 931 287 971 cnm
301 914 429 972 Lusitanis
439 915 509 974 feeit.
546 914 661 992 Aquileia
672 912 776 971 colonia

38 996 135 1055 latina
143 994 239 1053 eodem
251 1012 320 1052 anno
334 997 362 1052 in
374 1014 439 1074 egro
453 996 588 1055 Gallorum
607 998 644 1054 est
656 994 776 1053 dedusta.

38 1078 87 1135 ria
103 1074 186 1133 millia
195 1075 313 1151 peditum
324 1077 502 1156 quinquagena
518 1081 618 1157 jugera,
645 1077 775 1136 centurio·

38 1176 85 1217 res
98 1170 215 1221 marma,
227 1173 334 1217 centena
339 1162 497 1239 quadragena
503 1165 600 1239 equites
611 1174 774 1237 acceperut.

38 1236 139 1299 resriri
151 1238 318 1305 &umerum
336 1243 366 1299 P.
378 1241 513 1301 Cornelius
526 1244 613 1320 scipio
627 1243 730 1307 Nafica,
739 1243 774 1300 c.

38 1320 193 1385 flaminius,
218 1324 250 1379 1..
268 1318 380 1379 Manlius
401 1323 531 1381 Acilinue.
568 1324 647 1379 AEdee
662 1322 720 1379 duae
740 1340 774 1379 eo

38 1420 112 1464 uano
123 1402 246 1461 dedicatae
259 1400 328 1461 sunt.
347 1421 399 1461 una
410 1405 516 1462 Veneria
531 1404 648 1480 Erycinae
665 1402 697 1459 ad
712 1418 774 1478 pnr-

39 1504 95 1547 am
113 1482 256 1542 Collinam.
275 1484 400 1542 dedicavit
411 1489 442 1542 L.
456 1484 561 1544 Porcina
579 1489 611 1543 L.
627 1486 655 1541 F.
669 1483 775 1542 Licinua

39 1565 177 1627 luumrir.
190 1566 264 1637 (rota
276 1581 329 1625 erat
340 1566 373 1623 ab
380 1565 483 1624 consule
497 1573 528 1625 L.
542 1565 643 1625 Porcio,
662 1565 774 1643 Ligusti-

39 1666 73 1709 lo
87 1644 179 1722 beno.)
190 1645 264 1704 altera
276 1648 303 1703 in
314 1645 374 1703 foro
381 1648 485 1705 olitorio
493 1647 602 1704 Pietati&
619 1662 678 1703 eum
691 1646 775 1703 undem

39 1728 280 1791 iudicavitManiua
289 1727 383 1786 Acilius
389 1727 494 1787 Glabrio
504 1728 636 1786 duumvir:
652 1724 787 1783 statuam?

39 1828 88 1891 que
100 1824 228 1875 amatam,
253 1828 312 1886 quae
330 1811 414 1888 prima
435 1811 559 1868 omnium
572 1810 599 1865 in
613 1807 682 1865 ltalia
694 1808 776 1866 statua

39 1907 126 1953 turm
139 1893 186 1958 est,
203 1892 268 1969 patri
274 1891 408 1950 Glabrioni
417 1892 509 1968 posuit.
552 1895 577 1949 Is
589 1905 650 1952 erat,
666 1891 711 1967 qui
723 1887 776 1967 ipse

40 1992 98 2035 nm
112 1972 197 2030 aedem
211 1987 326 2038 voveat,
351 1993 406 2050 quo
421 1974 462 2030 die
481 1993 544 2031 cum
565 1991 624 2051 rege
645 1972 775 2030 Antiocho

40 2056 68 2115 td
89 2052 282 2132 Thermopylas
300 2055 476 2133 depugnaffet:
506 2054 679 2131 locaveratque
703 2055 773 2112 idem

40 2154 70 2195 ex
90 2133 316 2194 senatusconsulto.
358 2140 405 2194 Per
422 2135 525 2193 eosdem
548 2136 609 2200 dies,
626 2138 717 2213 quibus
734 2135 775 2191 luae

40 2216 239 2277 udeadndicatae
251 2215 319 2280 sunt,
339 2221 371 2275 L.
384 2218 503 2276 AEmiliua
525 2217 621 2275 Paullus
639 2214 775 2293 proconsul

40 2316 69 2359 ex
83 2299 233 2377 ¹Liguribus
260 2299 384 2375 Ingaunis
408 2299 587 2376 triumphavit.
635 2296 776 2355 Trauliulit

40 2396 151 2441 :monas
169 2397 256 2437 aureae
279 2380 395 2456 quinque
413 2384 441 2439 δι
459 2382 560 2460 viginti.
586 2398 634 2437 nec
654 2391 775 2455 praterea

40 2460 181 2541 quicquam
198 2461 254 2519 auri
270 2463 418 2540 argentique
436 2464 463 2519 in
484 2481 518 2520 oo
532 2458 668 2537 triumpho
685 2458 775 2517 latum.

41 2541 136 2619 :apuiui
148 2540 225 2599 mariti
232 2542 357 2619 principer
369 2545 498 2622 Ligurum
508 2560 567 2601 aute
577 2559 682 2601 currum
693 2540 776 2600 duur.

41 2625 97 2683 erin
111 2638 229 2681 trecenos
242 2621 365 2683 mlitibu
381 2625 475 2684 divisit.
513 2629 645 2683 Auxerunt
659 2622 716 2697 ejus
728 2618 775 2681 tri·

41 2702 136 2778 umpbi
148 2703 249 2764 famam
265 2704 342 2784 legati
360 2706 497 2784 Ligurum,
518 2723 608 2781 pacem
624 2719 773 2783 perpetuam

41 2797 159 2842 oranter:
184 2786 222 2845 ita
235 2787 263 2845 in
277 2788 396 2845 mimum
414 2787 538 2845 induxisse
557 2787 685 2865 Ligurum
708 2801 773 2861 gen·

41 2880 108 2929 tem,
130 2860 199 2924 nul·
208 2884 324 2948 nnqtum
340 2885 425 2933 uma.
441 2867 490 2927 nisi
500 2868 625 2944 imperata
643 2865 659 2927 l
672 2860 777 3000 pop&
