1740 3300
212 144 583 224 'urnnnxo
717 163 777 242 ne

41 257 97 336 qud
112 255 197 316 triduo
210 254 367 316 adscenderat
379 257 458 315 biduo
473 260 509 316 est
521 257 648 337 degressus
661 282 670 326 ;
697 261 781 340 frigo-

41 361 71 398 ra
90 341 218 398 nocturna
234 337 350 398 maxime
367 355 494 405 metuens,
513 361 570 417 quae
588 341 707 401 caniculae
719 360 781 401 ortu

41 422 139 479 similia
152 420 306 479 brumalibus
326 435 405 480 etant.
445 422 534 480 Multis
548 439 593 496 per
605 424 713 481 eosdies
726 424 779 481 dis·

41 504 203 563 ficoltatibur
225 502 397 566 confitentes,
432 502 512 563 nihilo
533 503 629 562 laetiora
649 505 783 563 incastris

41 584 162 643 invenit:
192 583 236 639 ubi
256 583 361 641 summa
380 587 484 659 penuria
498 573 561 650 erat,'
576 598 607 642 ut
623 587 652 643 in
666 587 782 665 regione,

41 685 128 745 quem
143 664 176 724 ab
197 665 272 722 omni
288 679 358 741 parte
376 663 521 723 solitudines
540 666 692 728 clauderent.
729 660 781 727 Ita-

43 766 99 827 que
118 765 203 806 uuum
218 743 322 805 tantiam
339 761 454 804 moratus
470 748 551 811 diem,
575 751 667 825 quletis
686 768 782 808 eorum

45 827 132 889 caussa
142 845 211 905 quos
221 827 339 886 habuerat
350 827 447 893 secum,
473 828 562 887 itinere
579 831 639 887 iude
651 830 728 889 srmtti
740 831 783 889 su·

45 929 90 991 gae
107 909 135 966 iu
153 906 315 967 Dentheletos
336 908 490 971 transcurrit.
534 912 603 969 Socii
621 925 710 970 etant:
738 911 782 970 sed

44 1005 154 1071 propter
174 991 290 1068 inopiam
309 989 376 1049 baud
395 989 466 1049 secus
485 989 563 1068 quim
585 991 699 1050 hostium
720 992 785 1051 finer

47 1074 204 1135 Macedones
227 1069 341 1150 populati
363 1071 428 1131 sunt.
454 1074 575 1151 rapiendo
594 1075 665 1131 enim
690 1075 783 1151 patiim

47 1154 119 1214 villas
129 1151 255 1230 primirme
281 1154 340 1210 dein
355 1153 478 1230 quosdam
499 1156 571 1214 vicos
590 1157 668 1216 etiarn
687 1157 784 1215 erasti·

47 1251 119 1307 runt,
137 1254 192 1293 uon
205 1236 257 1293 fine
270 1237 476 1314 magnopudore
488 1240 555 1315 regis
570 1260 578 1301 ς
596 1256 680 1314 quurn
700 1237 783 1296 socio-

47 1336 110 1377 tum
122 1335 210 1382 vocer,
236 1319 408 1393 nequicquam
419 1320 498 1375 Deos
517 1318 618 1375 sociales
633 1336 788 1395 nomenque

48 1396 127 1459 stum
151 1398 324 1475 implorantes,
352 1399 456 1455 audiret.
495 1401 637 1456 Frumento
653 1399 711 1454 inde
728 1398 789 1456 sub·

47 1478 116 1546 letos
130 1480 159 1537 in
167 1480 309 1540 :Maedicam
320 1479 451 1558 regressus,
469 1478 568 1544 urbem,
586 1498 665 1558 quam
682 1483 784 1540 Petram

48 1560 185 1639 eppellrnt,
201 1579 350 1640 oppugnare
362 1562 398 1618 eil
412 1561 522 1621 adortus.
546 1560 628 1638 ipscd
650 1564 787 1638 campelirl
812 1576 817 1594 '

49 1644 122 1703 aditu
137 1646 215 1701 castra
227 1643 319 1720 posuit.
365 1641 484 1700 Perseum
499 1642 584 1699 iilum
601 1661 663 1700 cum
679 1644 784 1701 modica

46 1744 133 1785 manu
149 1724 328 1787 circummisit,
348 1735 378 1779 ut
397 1719 412 1778 ri
427 1721 594 1799 superioribus
612 1720 675 1780 locis
692 1721 785 1782 urbem
839 1786 846 1798 .

48 1805 238 1887 aggrederetur.
274 1803 411 1881 Oppidani,
430 1823 513 1881 quom
524 1819 604 1863 tutor
619 1803 733 1882 undique
745 1806 786 1864 in·

48 1890 135 1951 staret,
154 1886 281 1945 obsdibus
294 1887 366 1950 datis,
387 1887 414 1941 in
428 1885 557 1962 praesentia
567 1887 715 1946 dediderunt
727 1885 788 1948 sese.

47 1969 141 2034 iidem,
167 1970 331 2044 posteaquam
353 1969 477 2025 exercitus
492 1969 599 2033 receffit,
628 1967 700 2026 obliti
716 1969 784 2028 obst·

47 2050 126 2113 dum,
146 2050 231 2108 relista
245 2049 314 2114 urbe,
334 2049 361 2105 in
373 2049 429 2106 loca
442 2053 542 2108 munita
556 2054 582 2108 δι
604 2065 705 2108 montes
717 2050 787 2109 refu·

48 2144 156 2212 gerunt.
199 2129 334 2206 Philippus,
360 2131 435 2187 omni
457 2151 548 2210 genere
563 2130 652 2189 laboris
669 2131 721 2188 sinc
733 2131 785 2190 ullo

46 2213 149 2273 effestu
158 2212 268 2290 fatigatis
282 2211 413 2274 militibus,
436 2217 463 2271 dt
476 2212 564 2270 fraude
577 2212 692 2286 praetotis
711 2213 786 2270 Didae

46 2295 137 2355 suetis
159 2295 186 2351 in
201 2294 284 2352 filium
304 2289 495 2369 suspicionibus,
513 2293 540 2348 in
553 2293 732 2352 Macedoniam
746 2311 789 2370 re·¹

46 2378 107 2437 diit.
584 2407 589 2415 .

92 2459 198 2516 XXIII.
218 2454 308 2515 Missus
326 2455 368 2514 hic
384 2473 473 2514 comer
495 2456 536 2527 (ut
550 2468 608 2513 ante
621 2456 723 2514 dietum
738 2456 787 2530 est)

48 2557 138 2618 quum
152 2537 343 2614 simplicitatem
367 2539 468 2612 juvenis
481 2539 584 2601 incauti,
607 2542 635 2597 δι
650 2535 700 2594 suis
718 2536 785 2596 haud

49 2619 192 2678 immerito
211 2617 387 2682 succensentis,
417 2618 562 2676 assentando
580 2619 787 2697 indignandoque

50 2707 82 2761 δι
94 2698 148 2776 ipse
160 2701 246 2758 vicem
257 2699 323 2773 ejus,
340 2714 450 2777 captaret
461 2723 470 2767 3
492 2700 520 2767 in
533 2699 623 2758 omnia
635 2698 701 2757 ultro
712 2700 786 2758 suam

51 2776 164 2855 offerens
178 2797 292 2859 operam,
311 2782 360 2841 fide
373 2781 430 2839 data
445 2799 533 2839 arcana
547 2781 603 2855 ejus
614 2780 710 2840 elicuit.
736 2785 786 2838 Fu·

51 2878 121 2944 gem
132 2859 305 2922 adRomanos
318 2863 466 2924 Demetrius
478 2855 654 2926 meditabatur.
668 2864 710 2923 cui
723 2877 788 2998 cpp-

384 2945 413 3016 Q
433 2962 447 3023 3
761 2941 789 2996 'te
