1740 3300
81 137 140 198 150
313 113 579 181 T.LIV11

78 224 242 301 Polyxenidas
261 225 288 280 in
309 225 397 281 animo
416 222 530 286 habebat,
554 226 591 285 δε,
615 222 689 281 denis
707 218 834 289 naribug

77 310 108 363 ad
127 308 307 381 promontoria
326 304 454 377 stantibus,
481 324 539 379 que
559 303 591 361 ab
604 316 717 383 utroque
731 320 831 371 cornu

77 389 105 443 in
124 387 198 446 latera
215 388 363 445 exeuntium
385 387 491 441 navium
510 401 665 462 pugnarent,
684 408 719 445 etc
733 400 835 453 cetera

78 469 159 537 cutte,
178 471 243 527 sicut
255 469 286 525 ad
298 468 457 523 Panormum
477 466 581 529 fecerat,
605 471 714 526 atmatis
737 468 766 525 in
777 464 836 529 lit..

79 568 136 609 tuta
156 550 282 626 expositis,
312 563 377 605 tetta
399 549 516 624 marique
531 548 608 606 simul
624 548 715 607 hostes
731 546 836 626 opffi.

80 652 159 689 mete.
186 630 255 706 quod
275 647 329 683 non
349 646 448 685 vanum
470 630 494 685 ei
511 630 647 687 confilium
664 630 766 696 fuiffet,
784 634 820 693 ni

78 732 161 791 quum
180 710 239 781 Teji
259 708 373 766 fastmot
395 710 420 767 se
436 712 561 786 imperata
574 712 767 785 promiiiffent,
789 710 817 768 ad

77 792 237 867 accipiendos
250 808 415 849 commeatus
423 796 506 869 aptius
518 792 603 850 visum
611 794 677 849 esset
689 792 820 851 Romanii

78 877 173 930 ineunt
187 888 302 948 pottum-
317 876 433 949 quiante
447 873 536 931 urbem
549 876 595 937 est,
615 874 727 936 classem
742 872 819 935 mans·

76 958 120 1013 irc.
160 956 261 1012 Dicitur
278 959 306 1013 &
321 955 453 1013 Eudamus
467 953 514 1013 ah
551 957 556 967 '
603 956 702 1015 vitium
721 957 820 1017 alterius

76 1052 166 1112 portus
179 1036 321 1099 ostendisse,
339 1056 424 1113 quum
436 1034 504 1093 sorte
595 1056 674 1093 naves
694 1038 727 1097 in
751 1040 819 1099 aesta

77 1121 144 1175 ostio
163 1118 303 1195 implicitos
321 1137 409 1175 remos
427 1117 563 1194 stegiss'ent.
584 1121 612 1174 ἃ
633 1118 703 1175 inter
729 1116 822 1179 aiia‘d

77 1219 183 1275 quoque
200 1202 285 1257 movit
305 1216 456 1273 praetorem.
482 1213 512 1253 ut
532 1197 673 1253 traduceret
696 1199 822 1263 claffem

78 1279 148 1358 quud
159 1282 191 1339 ab
203 1298 266 1339 tetta
276 1280 416 1355 periculum
427 1292 488 1342 erat,
505 1275 572 1335 haud
582 1275 675 1351 procui
688 1278 760 1338 inde
773 1286 823 1341 Aa·

79 1362 170 1421 tiocho
186 1366 274 1421 stativa
293 1362 409 1419 habente.

119 1448 225 1503 XXIX.
244 1445 372 1503 Traducta
385 1441 459 1500 classe
468 1441 499 1499 ad
514 1439 613 1501 urbem,
642 1441 750 1517 ignaria
763 1463 822 1503 om·

79 1527 153 1581 ni'uus
167 1524 256 1599 egressi
266 1522 359 1579 milites
376 1540 509 1597 nautaeque
519 1520 576 1577 sunt
596 1522 628 1577 ad
649 1540 823 1584 commeatur

81 1607 205 1664 &vinum
225 1600 338 1661 maxime
356 1604 521 1661 dividendum
529 1604 555 1661 in
568 1621 653 1664 navet,
667 1623 818 1680 quummn·

79 1690 122 1744 dio
141 1683 208 1743 forte
224 1687 272 1742 diei
291 1687 394 1764 agrestis
411 1688 515 1761 quidam
532 1686 562 1741 ad
576 1704 720 1761 ptaetotent
741 1687 818 1744 addu-

79 1771 138 1826 stus
153 1772 267 1831 nunciat,
284 1769 385 1825 aiteram
406 1769 460 1840 jam
483 1768 552 1822 diem
572 1766 674 1823 classem
700 1769 769 1824 state
788 1765 817 1823 ad

78 1850 186 1905 insulam
201 1851 310 1909 Macrin,
329 1854 357 1906 &
373 1849 456 1921 paullo
471 1864 529 1905 ante
545 1847 607 1905 uisas
619 1848 746 1923 quasdam
760 1866 817 1904 me·

79 1931 133 1983 veri
152 1946 275 2002 tanquam
299 1930 329 1982 ad
344 1927 535 2001 prufeeiionem
552 1949 636 1985 naves.
679 1933 722 1985 Re
736 1929 816 1986 subita

78 2007 205 2082 perculsus
219 2022 318 2082 praetor.
338 2010 461 2064 tubicines
474 2028 562 2066 cancte
582 2009 664 2079 jubet,
686 2026 725 2073 ut,
746 2010 816 2085 siqui

79 2108 123 2164 pet
133 2106 208 2164 agros
220 2088 293 2162 palati
307 2090 395 2151 essent,
413 2090 529 2146 redirent:
554 2091 671 2147 tribunos
684 2093 712 2147 in
724 2091 814 2147 urbem

81 2170 162 2227 mittit
192 2170 223 2225 ad
250 2171 380 2245 cogendos
404 2170 495 2225 milites
517 2170 655 2246 nautasque
676 2173 704 2227 in
730 2190 815 2228 naves.

81 2252 154 2308 Haud
167 2250 237 2307 secus
252 2249 330 2327 quim
350 2254 376 2306 in
391 2252 524 2325 repentino
538 2253 657 2309 incendio
676 2266 723 2309 aut
739 2268 815 2327 capta

80 2334 142 2389 urbe
155 2334 304 2408 trepidatur:
327 2330 378 2391 aliis
392 2335 418 2389 in
433 2333 522 2389 urbem
535 2334 694 2391 currentibus
708 2336 741 2391 ad
758 2332 815 2391 suot

79 2417 246 2479 revocandos,
264 2414 316 2472 aliis
326 2435 357 2472 ex
374 2415 434 2473 urbe
451 2433 526 2469 naves
541 2414 614 2471 cursu
628 2415 814 2489 repetentibutt

79 2497 228 2573 incertisque
250 2498 402 2554 clamoribus
423 2496 526 2571 (quibus
547 2497 604 2571 ipsis
624 2497 691 2552 tubae
713 2496 812 2555 obstit-

79 2583 177 2651 petent)
189 2579 294 2635 turbetis
305 2580 426 2654 imperiis,
441 2579 544 2633 tandem
557 2577 713 2634 concursum
727 2579 759 2634 ad
768 2595 815 2633 na-

81 2675 126 2712 ves
138 2659 182 2713 est.
223 2660 273 2715 Vix
289 2659 360 2716 suam
377 2659 481 2735 quisque
496 2657 598 2715 noscere
616 2673 660 2715 aut
675 2659 745 2714 adire
763 2676 817 2734 ptae

79 2736 192 2793 tumultu
205 2754 311 2811 poterat.
329 2741 530 2814 trepidatumque
544 2758 605 2795 cum
618 2740 732 2813 periculo
748 2744 777 2798 δι
788 2742 816 2795 in

26 2818 29 2828 '
79 2817 144 2887 mari
158 2821 186 2877 δε
200 2818 304 2877 interra
317 2819 391 2885 soret,
413 2822 441 2876 ni
458 2818 569 2896 partibus
586 2820 670 2879 divitia
682 2819 817 2883 AEmilius.

749 2918 814 2959 cum
