1740 3300
114 142 326 211 LIBER
366 139 560 208 XXXVIII.
638 144 696 210 261

37 246 196 322 peticuiofius
213 245 328 306 Romani
345 245 449 322 gess'ete,
467 261 533 301 unus
544 244 703 321 praecipuam

30 330 80 385 iam
97 327 162 387 tulit.

30 412 83 469 iv.
105 415 192 468 Morte
212 408 321 466 Africani
343 426 445 466 crevere
460 409 627 467 inimicorum
646 411 702 467 ani·

38 509 154 567 quorum
173 490 289 568 princeps
308 489 358 548 fuit
376 495 416 549 M.
436 492 540 548 Porcius
561 492 637 554 Cato,
659 491 704 568 qui

30 599 33 622 ι
45 590 151 648 quoque
165 591 198 629 eo
209 570 317 629 allatrare
326 572 383 646 ejus
394 573 602 650 magnitudinem
616 570 704 630 solitus

30 699 33 711 .
52 652 105 710 hoc
116 655 220 710 au&ore
230 652 504 725 existimanturietiflii
517 658 545 714 &
560 657 623 711 vivo
637 653 705 712 Afri-

30 754 106 792 ›tem
119 734 229 814 ingressi,
249 739 278 793 &
292 748 398 792 mortuo
411 737 571 812 rogationem
586 733 705 812 promul·

30 817 49 875 i.
90 817 147 874 Fuit
166 831 253 874 autent
274 816 376 894 rogatio
394 815 471 874 talis:
491 819 571 875 Velitis
583 819 706 900 jubeatis,

30 912 105 963 mur,
122 919 174 976 qua
187 900 380 975 pecunsiacapta,
400 897 494 962 ablata,
513 903 593 956 coatia
603 898 636 956 ab
646 919 704 974 rege

30 978 91 1037 focho
102 983 143 1054 est,
158 983 248 1058 quique
262 978 311 1058 [ub
323 983 375 1060 ejus
384 981 483 1057 imperio
493 979 615 1056 fuerim:
638 980 705 1059 quad

38 1065 64 1117 in
76 1061 203 1138 pubiicum
215 1061 324 1118 relatum
341 1080 388 1119 non
405 1063 443 1137 est,
461 1059 502 1118 uti
517 1063 546 1119 de
561 1082 591 1121 ea
609 1082 637 1120 rt
651 1070 704 1121 Ser.

31 1144 88 1199 ictics
99 1157 186 1221 prator
197 1141 309 1200 urbanus
319 1144 355 1200 ad
361 1144 482 1220 senatum
494 1143 605 1222 raserat?
625 1162 701 1223 quem

40 1243 99 1282 rem
117 1225 179 1283 velit
190 1226 294 1300 senatus
307 1244 411 1303 querere
428 1227 457 1282 de
475 1227 513 1288 iis,
531 1228 576 1303 qui
591 1241 702 1304 putores

31 1328 37 1361 t
47 1308 129 1380 [uati
147 1309 216 1364 Huic
230 1307 357 1386 rogationi
369 1304 455 1383 primi>
469 1310 506 1383 Q
517 1310 545 1364 ὃ(
562 1310 593 1365 L.
609 1311 701 1364 Mum·

39 1385 237 1446 intercedebant:
271 1391 392 1445 Senatum
411 1396 522 1464 qu'aetere
541 1387 573 1444 de
593 1389 701 1465 pecunia

40 1466 115 1526 relata
127 1471 154 1526 in
164 1465 306 1547 pubiicum,
318 1470 351 1528 ita
366 1486 395 1528 ut
406 1482 481 1527 antea
490 1467 589 1546 semper
600 1467 701 1528 facium

31 1591 40 1614 .
70 1568 175 1628 aequum
195 1549 336 1609 censebant.
383 1550 473 1610 Petillii
491 1549 651 1610 nobilitatem
672 1555 701 1610 δι

34 1650 80 1692 um
98 1634 126 1690 in
141 1632 228 1693 senatu
242 1634 394 1708 Scipionum
408 1630 579 1708 accusabant„
607 1636 637 1691 L.
652 1635 705 1690 Fu·

39 1717 171 1788 Purpureo
191 1711 335 1777 consulatis,
352 1714 398 1789 qui
416 1713 444 1769 in
463 1713 553 1769 decem
575 1708 662 1790 legatis
676 1713 704 1771 in

48 1795 138 1860 fuerat,
156 1791 228 1853 latiitt
250 1795 394 1873 rogandum
415 1792 546 1852 censebat:
571 1813 625 1852 non
643 1814 702 1873 quae

31 1876 150 1936 intiocho
163 1874 245 1934 modu
256 1877 369 1952 pecuniae
380 1890 460 1953 eaptae
471 1875 564 1942 forent,
586 1875 627 1935 sed
642 1895 701 1954 quat

31 1957 66 2016 iiis
77 1959 179 2037 tegibus
196 1957 379 2037 gentibusque3
400 1961 454 2017 Cn.
466 1957 593 2019 Manlium
610 1958 700 2016 inimi·

31 2041 173 2098 inceffens.
212 2045 245 2099 Et
262 2045 293 2099 L.
306 2041 401 2114 Scipio,
419 2059 498 2118 quem
512 2040 596 2118 magis
607 2059 656 2118 pm
667 2039 702 2106 se.

31 2141 51 2178 n
64 2122 179 2180 adversus
196 2121 290 2201 legem,
306 2123 436 2180 disturum
450 2121 591 2200 apparebat,
609 2121 700 2179 diffua·

31 2203 154 2280 ptoceiiit.
179 2204 200 2259 it
220 2205 278 2280 post
294 2218 409 2260 mortem
431 2208 459 2260 P.
479 2203 591 2264 Africani
609 2200 702 2267 fratris.

32 2367 133 2422 tionem
153 2365 190 2420 est
212 2365 374 2440 conquestus.
418 2374 512 2422 Parum
539 2367 603 2421 enim
618 2363 702 2444 fuiffe,

32 2447 134 2504 laudari
143 2457 188 2520 pto
206 2446 299 2519 Rostris·
309 2453 338 2504 P.
354 2444 505 2522 Africanum
516 2444 565 2521 post
585 2459 699 2512 martem,

31 2531 108 2587 etiam
128 2528 295 2600 accusamur.
339 2537 372 2584 Et
390 2524 601 2601 Carthaginienses
620 2524 700 2605 exfiiio

31 2609 98 2668 ibalis
109 2621 228 2666 contentos
242 2611 299 2686 affl:
310 2608 428 2684 populum
440 2616 580 2666 Romanum
591 2625 622 2664 m
633 2627 699 2667 mor·

32 2693 106 2751 u'dem
117 2698 146 2748 P.
155 2692 264 2766 Scipionis
276 2691 409 2765 exfittiari3
432 2687 478 2766 nist
489 2688 524 2758 &t
537 2687 606 2766 ipfiut
617 2687 697 2764 fama

32 2773 55 2828 'ti
69 2773 197 2843 humetur,
217 2771 253 2841 ό·
263 2769 352 2848 fram
365 2771 469 2850 insuper,
488 2773 580 2846 acceffia
594 2773 707 2836 inuidia,
735 2766 739 2774 ’

32 2858 98 2913 itur.
133 2858 173 2914 M.
185 2855 256 2914 Cato
265 2851 344 2918 sutfit
356 2854 532 2940 rogationem
539 2853 746 2979 imiiwtjm
