1740 3300
256 154 471 231 ararit
512 157 590 228 xu.
737 174 793 246 341

75 276 128 335 hat
165 274 297 336 Postremo
309 294 400 354 negare
413 273 546 352 propalam
567 271 658 348 coepit,
685 268 741 329 satis
758 287 800 330 tu·

72 370 133 414 tum
148 359 193 415 srhi
212 360 351 435 quicquam
372 357 433 414 effe:
455 357 502 413 niti
514 354 604 412 liberos
614 371 716 416 eorum
732 373 800 431 quos

65 435 241 502 interfecisset,
258 436 480 512 comprehensos
472 454 501 495 m
517 435 629 494 eustodia
640 433 751 499 haberet,
769 434 799 494 de

66 531 191 595 tempore
205 518 285 578 alium
297 517 347 576 alio
360 517 463 577 tolleret.

112 604 163 658 lv.
179 603 245 658 Eam
254 598 427 657 crudelitatem
439 599 539 660 scedam
550 597 641 674 perse,
658 597 799 656 foediorem

65 683 149 739 unius
164 664 261 739 domus
271 676 358 738 clades
375 678 445 739 fecit.
483 682 640 740 Herodicum
654 678 809 757 principem

64 761 249 822 Thessalorum
267 759 355 821 multis
374 775 434 819 ante
447 761 519 820 annis
530 761 668 820 occiderat:
689 781 799 840 generos

64 844 240 920 quoquecjus
252 844 338 919 postca
357 835 525 907 intetseeitst
517 860 545 899 rn
564 842 683 902 viduitate
703 844 797 900 relidlae

64 923 136 988 filiae,
160 923 272 1002 sangulos
295 924 359 982 filios
377 942 469 1001 parvos
487 921 613 982 habentes.
658 921 806 982 Theoxena·

62 1005 204 1065 &Archo
230 1006 337 1062 nomina
363 1005 511 1075 mulieribus
532 1017 612 1064 etant.
658 1003 797 1062 Theoxeila

63 1085 157 1145 multis
167 1086 309 1162 petentibus
316 1084 443 1162 aspernata
455 1087 556 1162 nuptias
568 1087 613 1142 cst.
652 1085 738 1144 Archo
745 1090 804 1144 ror

50 1169 113 1243 ¹ridi
126 1168 236 1233 cuidam,
254 1163 331 1246 longe
345 1167 456 1245 principi
466 1169 549 1245 gentis
561 1169 709 1233 AEneatum,
728 1168 796 1244 nup'-

62 1250 110 1309 srt:
140 1254 167 1309 δι
189 1249 254 1326 apud
271 1265 333 1307 eum
352 1249 435 1325 plures
449 1250 522 1305 enixa
538 1263 632 1324 partus,
653 1251 736 1326 parvis
750 1250 795 1308 ad³

60 1326 180 1389 modum
194 1329 285 1387 relidtia
298 1329 547 1403 omnihus-decessit.
586 1327 733 1392 Theoxena,
763 1341 794 1387 ut

60 1413 94 1470 in
113 1413 164 1468 suis
184 1408 303 1468 manibus
322 1410 390 1466 liberi
406 1406 497 1468 sororis
515 1406 689 1473 educarentur,
709 1409 794 1467 Poridi

59 1494 163 1570 nupsit:
193 1497 230 1557 ae,
257 1505 379 1585 tanquam
394 1510 486 1548 omnes
496 1488 548 1567 ipsa
561 1493 633 1550 enixa
650 1491 724 1558 foret,
752 1491 808 1548 su··

59 1594 112 1633 um
128 1572 267 1668 sororisque
280 1573 367 1631 filios
360 1591 387 1629 tn
399 1571 487 1630 eadem
503 1572 607 1629 habebat
622 1592 689 1630 cura
710 1575 794 1648 poste·

61 1673 159 1733 aquam
181 1655 247 1748 regis
266 1653 380 1710 edietum
402 1654 435 1709 de
452 1653 695 1745 comprehendendis
712 1653 794 1710 liberis

59 1756 165 1800 eorum,
178 1755 222 1813 qut
213 1734 360 1792 intersedit
372 1733 459 1797 essent,
477 1735 587 1808 accepit,
605 1733 712 1799 ludibrio
723 1735 793 1791 futu
800 1755 805 1762 ·

14 1839 17 1843 ·
58 1836 183 1876 rosnon
178 1819 250 1896 regis
267 1814 360 1889 modd,
384 1814 425 1872 sed
448 1807 582 1895 custodum
600 1818 676 1874 etiam
695 1813 805 1873 libidini·

53 1896 124 1962 'rata
152 1900 183 1955 ad
204 1919 262 1956 rem
278 1912 392 1963 atrocem
410 1899 531 1956 animum·
551 1890 659 1975 adjecit:
683 1887 800 1977 ausaque

58 1983 99 2038 est
120 1981 210 2044 dicere,
239 1981 263 2036 se
279 1980 322 2036 sua
339 1993 419 2038 manu
433 1981 519 2056 potius
532 1998 624 2037 omnes
640 1981 790 2039 interfedtu-

58 2080 129 2126 ram,
153 2058 233 2138 quam
252 2063 278 2117 in
290 2063 442 2138 potestatem
458 2058 566 2137 Philippi
578 2063 700 2120 venirent.
740 2065 791 2118 Po'-

58 2143 104 2206 ris,
129 2140 292 2200 abominatus
315 2145 476 2200 mentionem
498 2157 554 2200 tarn
573 2143 638 2201 foedi
661 2143 791 2207 facinoris,

59 2223 175 2280 Athenas
197 2225 388 2301 deportaturum
408 2243 453 2280 eos
469 2225 502 2280 ad
515 2224 581 2280 fidos
593 2223 704 2301 hospites
719 2226 792 2286 dixit.

58 2306 240 2382 comitemque
255 2303 339 2380 ipsum
356 2302 425 2380 fugae
438 2305 554 2359 futurum
575 2304 633 2360 eise.
675 2304 792 2361 Proficis-

58 2398 155 2444 cuntur
170 2385 203 2442 ab
215 2384 390 2443 Thessalonica
401 2386 509 2440 AEneam
524 2385 556 2440 ad
569 2385 661 2441 statum
675 2383 791 2443 sacrifici·

7 2486 17 2539 '.
57 2486 119 2534 utn,
139 2467 209 2545 quod
220 2467 346 2525 conditori
361 2468 449 2523 AEneae
464 2484 526 2522 cum
538 2483 634 2542 magna
646 2467 793 2525 caerimonia

78 2548 199 2606 uotannis
212 2546 318 2608 faciunt.
339 2548 373 2604 ibi
384 2548 424 2604 die
436 2566 481 2623 pet
495 2545 607 2623 solennes
625 2546 709 2622 epulas
728 2559 791 2606 co‘n-
832 2568 839 2576 ¹

57 2568 176 2706 inrupto,
196 2647 289 2686 navem
302 2641 464 2707 praeparatam
480 2625 495 2684 ὲ
509 2629 606 2691 Poride,
632 2629 716 2704 sopitis
730 2650 791 2688 om-

58 2708 144 2772 nibus,
162 2710 193 2766 de
205 2710 278 2767 tertia
290 2711 374 2789 vigilia
387 2708 570 2773 conscendunt,
590 2724 710 2786 tanquam
726 2716 792 2770 redi²

58 2789 113 2849 tuti
126 2789 153 2843 in
168 2774 385 2850 ‘rhcffalonicamz
406 2789 446 2848 sed
460 2792 573 2866 trajicere
584 2792 610 2849 in
628 2792 791 2850 lduboeame-

56 2886 97 2954 tat
109 2856 280 2947 prepofitum
287 2870 435 2933 cererdm'
428 2890 455 2930 rn
457 2873 602 2933 adversum
617 2890 726 2932 ventum
747 2890 793 2927 ne·

391 2954 440 3032 1²3
675 2952 808 3027 opie5
