<?xml version="1.0" encoding="UTF-8"?>
<!DOCTYPE html PUBLIC "-//W3C//DTD XHTML 1.0 Transitional//EN"
    "http://www.w3.org/TR/xhtml1/DTD/xhtml1-transitional.dtd">
<html xmlns="http://www.w3.org/1999/xhtml" xml:lang="en" lang="en">
 <head>
  <title>
</title>
<meta http-equiv="Content-Type" content="text/html;charset=utf-8" />
  <meta name='ocr-system' content='tesseract 3.04.00' />
  <meta name='ocr-capabilities' content='ocr_page ocr_carea ocr_par ocr_line ocrx_word'/>
</head>
<body>
  <div class='ocr_page' id='page_1' title='image "./tliviipatavinih01livygoog_0171.png"; bbox 0 0 1740 3300; ppageno 0'>
   <div class='ocr_carea' id='block_1_1' title="bbox 204 52 799 192">
    <p class='ocr_par' dir='ltr' id='par_1_1' title="bbox 204 52 799 192">
     <span class='ocr_line' id='line_1_1' title="bbox 204 52 799 192; baseline -0.008 -13"><span class='ocrx_word' id='word_1_1' title='bbox 204 58 419 180; x_wconf 71' lang='lat' dir='ltr'>utura</span> <span class='ocrx_word' id='word_1_2' title='bbox 453 52 649 176; x_wconf 59' lang='lat' dir='ltr'>ixlivru.</span> <span class='ocrx_word' id='word_1_3' title='bbox 737 60 799 192; x_wconf 65' lang='lat' dir='ltr'>r„-</span> 
     </span>
    </p>
   </div>
   <div class='ocr_carea' id='block_1_2' title="bbox 11 221 809 2983">
    <p class='ocr_par' dir='ltr' id='par_1_2' title="bbox 67 221 803 301">
     <span class='ocr_line' id='line_1_2' title="bbox 67 221 803 301; baseline 0 -19"><span class='ocrx_word' id='word_1_4' title='bbox 67 223 148 290; x_wconf 77' lang='lat' dir='ltr'>nbat,</span> <span class='ocrx_word' id='word_1_5' title='bbox 170 223 297 301; x_wconf 68' lang='lat' dir='ltr'>perieritis,</span> <span class='ocrx_word' id='word_1_6' title='bbox 323 225 438 301; x_wconf 91' lang='lat' dir='ltr'>quinque</span> <span class='ocrx_word' id='word_1_7' title='bbox 457 221 533 280; x_wconf 87' lang='lat' dir='ltr'>fimul</span> <span class='ocrx_word' id='word_1_8' title='bbox 554 221 617 280; x_wconf 84' lang='lat' dir='ltr'>locis</span> <span class='ocrx_word' id='word_1_9' title='bbox 639 224 740 280; x_wconf 82' lang='lat' dir='ltr'>moenia</span> <span class='ocrx_word' id='word_1_10' title='bbox 756 225 803 282; x_wconf 57' lang='lat' dir='ltr'>est1</span> 
     </span>
    </p>

    <p class='ocr_par' dir='ltr' id='par_1_3' title="bbox 11 301 799 1516">
     <span class='ocr_line' id='line_1_3' title="bbox 11 301 798 385; baseline 0 -22"><span class='ocrx_word' id='word_1_11' title='bbox 11 314 23 349; x_wconf 74' lang='grc' dir='ltr'>ἰ</span> <span class='ocrx_word' id='word_1_12' title='bbox 67 306 202 385; x_wconf 83' lang='lat' dir='ltr'>aggreffus.</span> <span class='ocrx_word' id='word_1_13' title='bbox 229 308 276 363; x_wconf 82' lang='lat' dir='ltr'>tria</span> <span class='ocrx_word' id='word_1_14' title='bbox 293 305 393 381; x_wconf 85' lang='lat' dir='ltr'>paribus</span> <span class='ocrx_word' id='word_1_15' title='bbox 412 303 547 362; x_wconf 87' lang='lat' dir='ltr'>intervallis</span> <span class='ocrx_word' id='word_1_16' title='bbox 564 301 673 361; x_wconf 83' lang='lat' dir='ltr'>faciliore</span> <span class='ocrx_word' id='word_1_17' title='bbox 693 306 763 362; x_wconf 85' lang='lat' dir='ltr'>aditu</span> <span class='ocrx_word' id='word_1_18' title='bbox 782 303 798 363; x_wconf 77' lang='lat' dir='ltr'>d</span> 
     </span>
     <span class='ocr_line' id='line_1_4' title="bbox 11 385 798 463; baseline -0.003 -19"><span class='ocrx_word' id='word_1_19' title='bbox 11 396 22 434; x_wconf 72' lang='grc' dir='ltr'><strong>ί</strong></span> <span class='ocrx_word' id='word_1_20' title='bbox 67 405 163 462; x_wconf 82' lang='lat' dir='ltr'>campo</span> <span class='ocrx_word' id='word_1_21' title='bbox 183 386 300 446; x_wconf 85' lang='lat' dir='ltr'>adversus</span> <span class='ocrx_word' id='word_1_22' title='bbox 319 386 470 459; x_wconf 81' lang='lat' dir='ltr'>Pyrrheum,</span> <span class='ocrx_word' id='word_1_23' title='bbox 494 385 562 463; x_wconf 84' lang='lat' dir='ltr'>qudd</span> <span class='ocrx_word' id='word_1_24' title='bbox 583 399 686 449; x_wconf 84' lang='lat' dir='ltr'>vocant,</span> <span class='ocrx_word' id='word_1_25' title='bbox 705 388 798 444; x_wconf 89' lang='lat' dir='ltr'>admo-</span> 
     </span>
     <span class='ocr_line' id='line_1_5' title="bbox 11 465 799 624; baseline 0.005 -22"><span class='ocrx_word' id='word_1_26' title='bbox 11 510 22 602; x_wconf 56' lang='grc' dir='ltr'>ἰ</span> <span class='ocrx_word' id='word_1_27' title='bbox 62 465 799 624; x_wconf 53' lang='lat' dir='ltr'>llmffltritittll‘ltllrltttttl</span> 
     </span>
     <span class='ocr_line' id='line_1_6' title="bbox 11 627 798 708; baseline 0.005 -23"><span class='ocrx_word' id='word_1_28' title='bbox 11 644 20 685; x_wconf 83' lang='lat' dir='ltr'>r</span> <span class='ocrx_word' id='word_1_29' title='bbox 64 632 99 688; x_wconf 81' lang='lat' dir='ltr'>tir</span> <span class='ocrx_word' id='word_1_30' title='bbox 119 629 265 708; x_wconf 75' lang='lat' dir='ltr'>detergebat</span> <span class='ocrx_word' id='word_1_31' title='bbox 284 630 384 706; x_wconf 83' lang='lat' dir='ltr'>pinnas.</span> <span class='ocrx_word' id='word_1_32' title='bbox 426 629 576 706; x_wconf 85' lang='lat' dir='ltr'>Oppidanos</span> <span class='ocrx_word' id='word_1_33' title='bbox 594 627 689 706; x_wconf 77' lang='lat' dir='ltr'>ptimo,</span> <span class='ocrx_word' id='word_1_34' title='bbox 718 634 746 689; x_wconf 75' lang='lat' dir='ltr'>bt</span> <span class='ocrx_word' id='word_1_35' title='bbox 765 629 798 688; x_wconf 78' lang='lat' dir='ltr'>ad</span> 
     </span>
     <span class='ocr_line' id='line_1_7' title="bbox 11 703 799 789; baseline 0.001 -21"><span class='ocrx_word' id='word_1_36' title='bbox 11 729 19 768; x_wconf 85' lang='lat' dir='ltr'>r</span> <span class='ocrx_word' id='word_1_37' title='bbox 65 709 187 787; x_wconf 88' lang='lat' dir='ltr'>speciem,</span> <span class='ocrx_word' id='word_1_38' title='bbox 207 715 235 770; x_wconf 80' lang='grc' dir='ltr'>δι</span> <span class='ocrx_word' id='word_1_39' title='bbox 243 710 279 768; x_wconf 79' lang='lat' dir='ltr'>&#39;ad</span> <span class='ocrx_word' id='word_1_40' title='bbox 295 703 363 767; x_wconf 67' lang='lat' dir='ltr'>ictui</span> <span class='ocrx_word' id='word_1_41' title='bbox 376 711 507 767; x_wconf 77' lang='lat' dir='ltr'>mornium</span> <span class='ocrx_word' id='word_1_42' title='bbox 522 729 585 768; x_wconf 90' lang='lat' dir='ltr'>cum</span> <span class='ocrx_word' id='word_1_43' title='bbox 595 710 699 770; x_wconf 76' lang='lat' dir='ltr'>terribili</span> <span class='ocrx_word' id='word_1_44' title='bbox 710 709 799 789; x_wconf 86' lang='lat' dir='ltr'>sonitu</span> 
     </span>
     <span class='ocr_line' id='line_1_8' title="bbox 12 786 797 869; baseline 0.003 -22"><span class='ocrx_word' id='word_1_45' title='bbox 12 796 18 847; x_wconf 89' lang='lat' dir='ltr'>l</span> <span class='ocrx_word' id='word_1_46' title='bbox 65 793 156 857; x_wconf 87' lang='lat' dir='ltr'>editos,</span> <span class='ocrx_word' id='word_1_47' title='bbox 174 786 252 869; x_wconf 76' lang='lat' dir='ltr'>pavor</span> <span class='ocrx_word' id='word_1_48' title='bbox 270 811 301 850; x_wconf 88' lang='lat' dir='ltr'>ac</span> <span class='ocrx_word' id='word_1_49' title='bbox 316 792 451 869; x_wconf 69' lang='lat' dir='ltr'>trepidatio</span> <span class='ocrx_word' id='word_1_50' title='bbox 467 792 544 868; x_wconf 87' lang='lat' dir='ltr'>cepit.</span> <span class='ocrx_word' id='word_1_51' title='bbox 565 792 664 854; x_wconf 87' lang='lat' dir='ltr'>deinde,</span> <span class='ocrx_word' id='word_1_52' title='bbox 683 805 713 850; x_wconf 92' lang='lat' dir='ltr'>ut</span> <span class='ocrx_word' id='word_1_53' title='bbox 733 810 797 869; x_wconf 79' lang='lat' dir='ltr'>prae·</span> 
     </span>
     <span class='ocr_line' id='line_1_9' title="bbox 11 870 797 952; baseline -0.001 -21"><span class='ocrx_word' id='word_1_54' title='bbox 11 892 16 907; x_wconf 53' lang='lat'>&gt;¹</span> <span class='ocrx_word' id='word_1_55' title='bbox 64 889 104 932; x_wconf 90' lang='lat' dir='ltr'>ter</span> <span class='ocrx_word' id='word_1_56' title='bbox 114 873 187 952; x_wconf 86' lang='lat' dir='ltr'>spem</span> <span class='ocrx_word' id='word_1_57' title='bbox 202 876 265 932; x_wconf 88' lang='lat' dir='ltr'>stare</span> <span class='ocrx_word' id='word_1_58' title='bbox 276 891 368 931; x_wconf 86' lang='lat' dir='ltr'>muros</span> <span class='ocrx_word' id='word_1_59' title='bbox 378 873 505 936; x_wconf 85' lang='lat' dir='ltr'>viderunt,</span> <span class='ocrx_word' id='word_1_60' title='bbox 522 870 634 930; x_wconf 74' lang='lat' dir='ltr'>collebtis</span> <span class='ocrx_word' id='word_1_61' title='bbox 645 872 728 931; x_wconf 87' lang='lat' dir='ltr'>rursus</span> <span class='ocrx_word' id='word_1_62' title='bbox 741 875 797 931; x_wconf 84' lang='lat' dir='ltr'>ani-</span> 
     </span>
     <span class='ocr_line' id='line_1_10' title="bbox 11 951 798 1029; baseline 0.001 -17"><span class='ocrx_word' id='word_1_63' title='bbox 11 956 15 1012; x_wconf 84' lang='lat' dir='ltr'>i</span> <span class='ocrx_word' id='word_1_64' title='bbox 63 957 126 1020; x_wconf 86' lang='lat' dir='ltr'>mis,</span> <span class='ocrx_word' id='word_1_65' title='bbox 144 957 172 1012; x_wconf 90' lang='lat' dir='ltr'>in</span> <span class='ocrx_word' id='word_1_66' title='bbox 186 957 274 1014; x_wconf 76' lang='lat' dir='ltr'>arietes</span> <span class='ocrx_word' id='word_1_67' title='bbox 287 952 458 1011; x_wconf 80' lang='lat' dir='ltr'>tollenonibus</span> <span class='ocrx_word' id='word_1_68' title='bbox 475 951 624 1011; x_wconf 71' lang='lat' dir='ltr'>libramenta</span> <span class='ocrx_word' id='word_1_69' title='bbox 637 952 736 1029; x_wconf 82' lang='lat' dir='ltr'>plumbi</span> <span class='ocrx_word' id='word_1_70' title='bbox 751 969 798 1013; x_wconf 90' lang='lat' dir='ltr'>aut</span> 
     </span>
     <span class='ocr_line' id='line_1_11' title="bbox 66 1033 796 1110; baseline -0.001 -17"><span class='ocrx_word' id='word_1_71' title='bbox 66 1036 188 1094; x_wconf 85' lang='lat' dir='ltr'>saxorum</span> <span class='ocrx_word' id='word_1_72' title='bbox 207 1033 331 1110; x_wconf 84' lang='lat' dir='ltr'>stipitesve</span> <span class='ocrx_word' id='word_1_73' title='bbox 345 1033 461 1092; x_wconf 85' lang='lat' dir='ltr'>mbuilos</span> <span class='ocrx_word' id='word_1_74' title='bbox 475 1033 646 1101; x_wconf 72' lang='lat' dir='ltr'>incutiebrutr</span> <span class='ocrx_word' id='word_1_75' title='bbox 663 1035 737 1094; x_wconf 80' lang='lat' dir='ltr'>rrlces</span> <span class='ocrx_word' id='word_1_76' title='bbox 748 1054 796 1093; x_wconf 88' lang='lat' dir='ltr'>an·</span> 
     </span>
     <span class='ocr_line' id='line_1_12' title="bbox 67 1116 795 1192; baseline 0 -20"><span class='ocrx_word' id='word_1_77' title='bbox 67 1116 152 1174; x_wconf 82' lang='lat' dir='ltr'>choris</span> <span class='ocrx_word' id='word_1_78' title='bbox 171 1117 256 1191; x_wconf 84' lang='lat' dir='ltr'>ferreis</span> <span class='ocrx_word' id='word_1_79' title='bbox 275 1116 385 1190; x_wconf 70' lang='lat' dir='ltr'>injectis,</span> <span class='ocrx_word' id='word_1_80' title='bbox 404 1117 431 1172; x_wconf 92' lang='lat' dir='ltr'>in</span> <span class='ocrx_word' id='word_1_81' title='bbox 449 1116 594 1173; x_wconf 72' lang='lat' dir='ltr'>interiment</span> <span class='ocrx_word' id='word_1_82' title='bbox 610 1131 708 1192; x_wconf 88' lang='lat' dir='ltr'>prrtem</span> <span class='ocrx_word' id='word_1_83' title='bbox 725 1117 795 1175; x_wconf 87' lang='lat' dir='ltr'>muri</span> 
     </span>
     <span class='ocr_line' id='line_1_13' title="bbox 64 1196 797 1334; baseline -0.001 -80"><span class='ocrx_word' id='word_1_84' title='bbox 64 1197 190 1255; x_wconf 87' lang='lat' dir='ltr'>trahentes</span> <span class='ocrx_word' id='word_1_85' title='bbox 207 1197 320 1260; x_wconf 64' lang='lat' dir='ltr'>ederem,</span> <span class='ocrx_word' id='word_1_86' title='bbox 338 1196 535 1334; x_wconf 60' lang='lat' dir='ltr'>perfrinqebant:</span> <span class='ocrx_word' id='word_1_87' title='bbox 560 1198 590 1254; x_wconf 88' lang='lat' dir='ltr'>ad</span> <span class='ocrx_word' id='word_1_88' title='bbox 612 1197 664 1256; x_wconf 90' lang='lat' dir='ltr'>hoc</span> <span class='ocrx_word' id='word_1_89' title='bbox 681 1200 797 1275; x_wconf 80' lang='lat' dir='ltr'>erupti·</span> 
     </span>
     <span class='ocr_line' id='line_1_14' title="bbox 65 1278 798 1366; baseline 0.003 -32"><span class='ocrx_word' id='word_1_90' title='bbox 65 1278 149 1343; x_wconf 84' lang='lat' dir='ltr'>nibus,</span> <span class='ocrx_word' id='word_1_91' title='bbox 167 1283 195 1338; x_wconf 73' lang='grc' dir='ltr'>δι</span> <span class='ocrx_word' id='word_1_92' title='bbox 209 1280 343 1337; x_wconf 70' lang='grc' dir='ltr'>ηοέὶυτοίε</span> <span class='ocrx_word' id='word_1_93' title='bbox 357 1280 384 1336; x_wconf 86' lang='lat' dir='ltr'>in</span> <span class='ocrx_word' id='word_1_94' title='bbox 397 1299 438 1366; x_wconf 51' lang='lat' dir='ltr'>cu·</span> <span class='ocrx_word' id='word_1_95' title='bbox 452 1279 521 1336; x_wconf 82' lang='lat' dir='ltr'>odias</span> <span class='ocrx_word' id='word_1_96' title='bbox 538 1296 649 1353; x_wconf 87' lang='lat' dir='ltr'>operum</span> <span class='ocrx_word' id='word_1_97' title='bbox 660 1285 687 1338; x_wconf 81' lang='lat' dir='ltr'>dr</span> <span class='ocrx_word' id='word_1_98' title='bbox 699 1279 798 1337; x_wconf 76' lang='lat' dir='ltr'>diuma</span> 
     </span>
     <span class='ocr_line' id='line_1_15' title="bbox 65 1357 796 1424; baseline 0.003 -9"><span class='ocrx_word' id='word_1_99' title='bbox 65 1360 241 1424; x_wconf 75' lang='lat' dir='ltr'>inraciones,</span> <span class='ocrx_word' id='word_1_100' title='bbox 267 1360 335 1418; x_wconf 89' lang='lat' dir='ltr'>ultro</span> <span class='ocrx_word' id='word_1_101' title='bbox 356 1372 480 1417; x_wconf 88' lang='lat' dir='ltr'>terrorem</span> <span class='ocrx_word' id='word_1_102' title='bbox 503 1357 652 1417; x_wconf 74' lang='lat' dir='ltr'>inferebant.</span> <span class='ocrx_word' id='word_1_103' title='bbox 691 1363 723 1417; x_wconf 86' lang='lat' dir='ltr'>lu</span> <span class='ocrx_word' id='word_1_104' title='bbox 743 1359 796 1418; x_wconf 88' lang='lat' dir='ltr'>boc</span> 
     </span>
     <span class='ocr_line' id='line_1_16' title="bbox 64 1437 796 1516; baseline -0.001 -17"><span class='ocrx_word' id='word_1_105' title='bbox 64 1442 130 1499; x_wconf 80' lang='lat' dir='ltr'>statu</span> <span class='ocrx_word' id='word_1_106' title='bbox 151 1460 190 1499; x_wconf 78' lang='lat' dir='ltr'>rer</span> <span class='ocrx_word' id='word_1_107' title='bbox 206 1441 237 1499; x_wconf 92' lang='lat' dir='ltr'>ad</span> <span class='ocrx_word' id='word_1_108' title='bbox 257 1440 419 1498; x_wconf 78' lang='lat' dir='ltr'>Ambraciam</span> <span class='ocrx_word' id='word_1_109' title='bbox 438 1458 521 1516; x_wconf 88' lang='lat' dir='ltr'>quum</span> <span class='ocrx_word' id='word_1_110' title='bbox 538 1437 626 1504; x_wconf 86' lang='lat' dir='ltr'>effent,</span> <span class='ocrx_word' id='word_1_111' title='bbox 646 1439 708 1514; x_wconf 85' lang='lat' dir='ltr'>jam</span> <span class='ocrx_word' id='word_1_112' title='bbox 716 1440 796 1498; x_wconf 81' lang='lat' dir='ltr'>AEtoli</span> 
     </span>
    </p>

    <p class='ocr_par' dir='ltr' id='par_1_4' title="bbox 16 1518 796 1757">
     <span class='ocr_line' id='line_1_17' title="bbox 16 1518 796 1599; baseline 0.001 -20"><span class='ocrx_word' id='word_1_113' title='bbox 16 1520 22 1533; x_wconf 97' lang='grc'><em>’</em></span> <span class='ocrx_word' id='word_1_114' title='bbox 61 1518 77 1579; x_wconf 71' lang='lat' dir='ltr'>d</span> <span class='ocrx_word' id='word_1_115' title='bbox 95 1521 259 1599; x_wconf 80' lang='lat' dir='ltr'>populatione</span> <span class='ocrx_word' id='word_1_116' title='bbox 277 1523 422 1580; x_wconf 80' lang='lat' dir='ltr'>Acamruiae</span> <span class='ocrx_word' id='word_1_117' title='bbox 439 1526 555 1579; x_wconf 78' lang='lat' dir='ltr'>Stratum</span> <span class='ocrx_word' id='word_1_118' title='bbox 577 1521 709 1580; x_wconf 86' lang='lat' dir='ltr'>redierant.</span> <span class='ocrx_word' id='word_1_119' title='bbox 735 1523 796 1580; x_wconf 81' lang='lat' dir='ltr'>inde</span> 
     </span>
     <span class='ocr_line' id='line_1_18' title="bbox 62 1599 795 1679; baseline 0.003 -20"><span class='ocrx_word' id='word_1_120' title='bbox 62 1604 194 1661; x_wconf 81' lang='lat' dir='ltr'>Nicander</span> <span class='ocrx_word' id='word_1_121' title='bbox 215 1618 318 1678; x_wconf 79' lang='lat' dir='ltr'>praetor,</span> <span class='ocrx_word' id='word_1_122' title='bbox 345 1601 418 1678; x_wconf 90' lang='lat' dir='ltr'>spem</span> <span class='ocrx_word' id='word_1_123' title='bbox 436 1603 529 1661; x_wconf 68' lang='lat' dir='ltr'>nactus</span> <span class='ocrx_word' id='word_1_124' title='bbox 548 1599 674 1660; x_wconf 79' lang='lat' dir='ltr'>solvendae</span> <span class='ocrx_word' id='word_1_125' title='bbox 689 1603 795 1679; x_wconf 85' lang='lat' dir='ltr'>incepto</span> 
     </span>
     <span class='ocr_line' id='line_1_19' title="bbox 63 1681 796 1757; baseline 0.003 -17"><span class='ocrx_word' id='word_1_126' title='bbox 63 1681 127 1740; x_wconf 82' lang='lat' dir='ltr'>forti</span> <span class='ocrx_word' id='word_1_127' title='bbox 138 1682 286 1748; x_wconf 78' lang='lat' dir='ltr'>obsidionis,</span> <span class='ocrx_word' id='word_1_128' title='bbox 304 1683 485 1740; x_wconf 83' lang='lat' dir='ltr'>Nicodamum</span> <span class='ocrx_word' id='word_1_129' title='bbox 499 1681 629 1757; x_wconf 81' lang='lat' dir='ltr'>quendum</span> <span class='ocrx_word' id='word_1_130' title='bbox 641 1701 705 1740; x_wconf 84' lang='lat' dir='ltr'>eum</span> <span class='ocrx_word' id='word_1_131' title='bbox 720 1686 796 1742; x_wconf 79' lang='lat' dir='ltr'>AEto·</span> 
     </span>
    </p>

    <p class='ocr_par' dir='ltr' id='par_1_5' title="bbox 61 1760 795 1922">
     <span class='ocr_line' id='line_1_20' title="bbox 62 1760 795 1842; baseline 0.007 -24"><span class='ocrx_word' id='word_1_132' title='bbox 62 1760 93 1818; x_wconf 85' lang='lat' dir='ltr'>lis</span> <span class='ocrx_word' id='word_1_133' title='bbox 103 1764 252 1842; x_wconf 84' lang='lat' dir='ltr'>quingentis</span> <span class='ocrx_word' id='word_1_134' title='bbox 265 1762 428 1820; x_wconf 79' lang='lat' dir='ltr'>Ambraciam</span> <span class='ocrx_word' id='word_1_135' title='bbox 444 1762 603 1821; x_wconf 86' lang='lat' dir='ltr'>intromittit.</span> <span class='ocrx_word' id='word_1_136' title='bbox 622 1763 729 1822; x_wconf 76' lang='lat' dir='ltr'>noctem</span> <span class='ocrx_word' id='word_1_137' title='bbox 741 1784 771 1823; x_wconf 90' lang='lat' dir='ltr'>cc</span> <span class='ocrx_word' id='word_1_138' title='bbox 783 1798 795 1811; x_wconf 94' lang='lat'>-</span> 
     </span>
     <span class='ocr_line' id='line_1_21' title="bbox 61 1843 795 1922; baseline 0.005 -21"><span class='ocrx_word' id='word_1_139' title='bbox 61 1857 120 1901; x_wconf 86' lang='lat' dir='ltr'>tam</span> <span class='ocrx_word' id='word_1_140' title='bbox 135 1843 290 1922; x_wconf 84' lang='lat' dir='ltr'>tempusque</span> <span class='ocrx_word' id='word_1_141' title='bbox 301 1843 380 1903; x_wconf 88' lang='lat' dir='ltr'>etiam</span> <span class='ocrx_word' id='word_1_142' title='bbox 395 1843 481 1900; x_wconf 72' lang='lat' dir='ltr'>nortis</span> <span class='ocrx_word' id='word_1_143' title='bbox 493 1843 635 1910; x_wconf 77' lang='lat' dir='ltr'>constituit,</span> <span class='ocrx_word' id='word_1_144' title='bbox 652 1864 707 1922; x_wconf 90' lang='lat' dir='ltr'>quo</span> <span class='ocrx_word' id='word_1_145' title='bbox 720 1851 749 1906; x_wconf 80' lang='grc' dir='ltr'>δι</span> <span class='ocrx_word' id='word_1_146' title='bbox 760 1848 795 1905; x_wconf 90' lang='lat' dir='ltr'>illi</span> 
     </span>
    </p>

    <p class='ocr_par' dir='ltr' id='par_1_6' title="bbox 57 1922 808 2901">
     <span class='ocr_line' id='line_1_22' title="bbox 63 1922 794 2004; baseline 0.005 -21"><span class='ocrx_word' id='word_1_147' title='bbox 63 1922 96 1983; x_wconf 84' lang='lat' dir='ltr'>ab</span> <span class='ocrx_word' id='word_1_148' title='bbox 109 1923 173 1984; x_wconf 88' lang='lat' dir='ltr'>urbe</span> <span class='ocrx_word' id='word_1_149' title='bbox 183 1943 260 2003; x_wconf 79' lang='lat' dir='ltr'>opera</span> <span class='ocrx_word' id='word_1_150' title='bbox 269 1924 396 1991; x_wconf 85' lang='lat' dir='ltr'>bostium,</span> <span class='ocrx_word' id='word_1_151' title='bbox 413 1944 471 2003; x_wconf 73' lang='lat' dir='ltr'>qux</span> <span class='ocrx_word' id='word_1_152' title='bbox 479 1925 595 1985; x_wconf 72' lang='lat' dir='ltr'>adversus</span> <span class='ocrx_word' id='word_1_153' title='bbox 606 1927 748 2004; x_wconf 81' lang='lat' dir='ltr'>Pyrrheum</span> <span class='ocrx_word' id='word_1_154' title='bbox 764 1948 794 1987; x_wconf 89' lang='lat' dir='ltr'>c·</span> 
     </span>
     <span class='ocr_line' id='line_1_23' title="bbox 61 2004 795 2087; baseline 0.005 -23"><span class='ocrx_word' id='word_1_155' title='bbox 61 2020 129 2071; x_wconf 88' lang='lat' dir='ltr'>rant,</span> <span class='ocrx_word' id='word_1_156' title='bbox 147 2004 352 2087; x_wconf 75' lang='lat' dir='ltr'>aggrederentur,</span> <span class='ocrx_word' id='word_1_157' title='bbox 370 2004 462 2084; x_wconf 84' lang='lat' dir='ltr'>&amp;ipse</span> <span class='ocrx_word' id='word_1_158' title='bbox 475 2007 506 2066; x_wconf 81' lang='lat' dir='ltr'>ad</span> <span class='ocrx_word' id='word_1_159' title='bbox 522 2008 599 2066; x_wconf 79' lang='lat' dir='ltr'>mllra</span> <span class='ocrx_word' id='word_1_160' title='bbox 611 2011 734 2068; x_wconf 79' lang='lat' dir='ltr'>Romana</span> <span class='ocrx_word' id='word_1_161' title='bbox 743 2025 795 2068; x_wconf 89' lang='lat' dir='ltr'>ter-</span> 
     </span>
     <span class='ocr_line' id='line_1_24' title="bbox 59 2086 795 2166; baseline 0.003 -19"><span class='ocrx_word' id='word_1_162' title='bbox 59 2107 146 2147; x_wconf 89' lang='lat' dir='ltr'>rorem</span> <span class='ocrx_word' id='word_1_163' title='bbox 161 2086 276 2154; x_wconf 69' lang='lat' dir='ltr'>fruent-</span> <span class='ocrx_word' id='word_1_164' title='bbox 287 2088 360 2166; x_wconf 81' lang='lat' dir='ltr'>porse</span> <span class='ocrx_word' id='word_1_165' title='bbox 372 2103 441 2147; x_wconf 83' lang='lat' dir='ltr'>ratur</span> <span class='ocrx_word' id='word_1_166' title='bbox 453 2089 558 2164; x_wconf 77' lang='lat' dir='ltr'>ancipiti</span> <span class='ocrx_word' id='word_1_167' title='bbox 570 2090 694 2156; x_wconf 84' lang='lat' dir='ltr'>tumultu,</span> <span class='ocrx_word' id='word_1_168' title='bbox 715 2094 795 2149; x_wconf 68' lang='lat' dir='ltr'>nodie</span> 
     </span>
     <span class='ocr_line' id='line_1_25' title="bbox 60 2169 795 2252; baseline 0.007 -25"><span class='ocrx_word' id='word_1_169' title='bbox 60 2185 171 2248; x_wconf 80' lang='lat' dir='ltr'>augente</span> <span class='ocrx_word' id='word_1_170' title='bbox 191 2169 326 2248; x_wconf 80' lang='lat' dir='ltr'>pavorem,</span> <span class='ocrx_word' id='word_1_171' title='bbox 352 2171 548 2228; x_wconf 78' lang='lat' dir='ltr'>memorabilem</span> <span class='ocrx_word' id='word_1_172' title='bbox 569 2189 625 2230; x_wconf 87' lang='lat' dir='ltr'>rem</span> <span class='ocrx_word' id='word_1_173' title='bbox 649 2175 722 2252; x_wconf 81' lang='lat' dir='ltr'>geri·</span> <span class='ocrx_word' id='word_1_174' title='bbox 761 2177 795 2232; x_wconf 80' lang='lat' dir='ltr'>Et</span> 
     </span>
     <span class='ocr_line' id='line_1_26' title="bbox 61 2250 796 2328; baseline 0.011 -24"><span class='ocrx_word' id='word_1_175' title='bbox 61 2250 227 2309; x_wconf 82' lang='lat' dir='ltr'>Nioodamm</span> <span class='ocrx_word' id='word_1_176' title='bbox 237 2252 390 2327; x_wconf 78' lang='lat' dir='ltr'>intempesta</span> <span class='ocrx_word' id='word_1_177' title='bbox 400 2253 488 2316; x_wconf 72' lang='lat' dir='ltr'>noste,</span> <span class='ocrx_word' id='word_1_178' title='bbox 508 2268 592 2328; x_wconf 89' lang='lat' dir='ltr'>quum</span> <span class='ocrx_word' id='word_1_179' title='bbox 599 2253 657 2311; x_wconf 81' lang='lat' dir='ltr'>alias</span> <span class='ocrx_word' id='word_1_180' title='bbox 670 2253 796 2312; x_wconf 78' lang='lat' dir='ltr'>custodiar</span> 
     </span>
     <span class='ocr_line' id='line_1_27' title="bbox 62 2327 808 2407; baseline 0.016 -23"><span class='ocrx_word' id='word_1_181' title='bbox 62 2327 193 2393; x_wconf 85' lang='lat' dir='ltr'>fefelliiset,</span> <span class='ocrx_word' id='word_1_182' title='bbox 214 2348 259 2406; x_wconf 85' lang='lat' dir='ltr'>per</span> <span class='ocrx_word' id='word_1_183' title='bbox 276 2327 336 2388; x_wconf 79' lang='lat' dir='ltr'>ullas</span> <span class='ocrx_word' id='word_1_184' title='bbox 353 2331 454 2406; x_wconf 87' lang='lat' dir='ltr'>impetu</span> <span class='ocrx_word' id='word_1_185' title='bbox 468 2332 594 2390; x_wconf 83' lang='lat' dir='ltr'>couiiauti</span> <span class='ocrx_word' id='word_1_186' title='bbox 607 2334 734 2407; x_wconf 82' lang='lat' dir='ltr'>erupiffet.</span> <span class='ocrx_word' id='word_1_187' title='bbox 753 2333 808 2395; x_wconf 73' lang='lat' dir='ltr'>sin·</span> 
     </span>
     <span class='ocr_line' id='line_1_28' title="bbox 61 2408 797 2492; baseline 0.012 -27"><span class='ocrx_word' id='word_1_188' title='bbox 61 2422 153 2486; x_wconf 73' lang='lat' dir='ltr'>pereto</span> <span class='ocrx_word' id='word_1_189' title='bbox 170 2408 276 2468; x_wconf 77' lang='lat' dir='ltr'>brachio</span> <span class='ocrx_word' id='word_1_190' title='bbox 295 2411 323 2467; x_wconf 91' lang='lat' dir='ltr'>in</span> <span class='ocrx_word' id='word_1_191' title='bbox 341 2409 431 2470; x_wconf 88' lang='lat' dir='ltr'>urbem</span> <span class='ocrx_word' id='word_1_192' title='bbox 452 2425 589 2488; x_wconf 71' lang='lat' dir='ltr'>penetrate</span> <span class='ocrx_word' id='word_1_193' title='bbox 606 2413 737 2492; x_wconf 85' lang='lat' dir='ltr'>animique</span> <span class='ocrx_word' id='word_1_194' title='bbox 752 2416 797 2476; x_wconf 83' lang='lat' dir='ltr'>tli-</span> 
     </span>
     <span class='ocr_line' id='line_1_29' title="bbox 62 2490 794 2575; baseline 0.011 -27"><span class='ocrx_word' id='word_1_195' title='bbox 62 2504 193 2569; x_wconf 89' lang='lat' dir='ltr'>quantum</span> <span class='ocrx_word' id='word_1_196' title='bbox 211 2491 242 2548; x_wconf 78' lang='lat' dir='ltr'>td</span> <span class='ocrx_word' id='word_1_197' title='bbox 256 2490 346 2549; x_wconf 78' lang='lat' dir='ltr'>omnir</span> <span class='ocrx_word' id='word_1_198' title='bbox 363 2492 476 2550; x_wconf 84' lang='lat' dir='ltr'>audenda</span> <span class='ocrx_word' id='word_1_199' title='bbox 495 2496 522 2551; x_wconf 77' lang='lat' dir='ltr'>ilc</span> <span class='ocrx_word' id='word_1_200' title='bbox 541 2491 594 2569; x_wconf 84' lang='lat' dir='ltr'>spei</span> <span class='ocrx_word' id='word_1_201' title='bbox 613 2492 794 2575; x_wconf 69' lang='lat' dir='ltr'>obsessrsrdJe·</span> 
     </span>
     <span class='ocr_line' id='line_1_30' title="bbox 59 2571 794 2656; baseline 0.004 -24"><span class='ocrx_word' id='word_1_202' title='bbox 59 2575 106 2633; x_wconf 87' lang='lat' dir='ltr'>cit.</span> <span class='ocrx_word' id='word_1_203' title='bbox 126 2577 155 2632; x_wconf 76' lang='grc' dir='ltr'>δι</span> <span class='ocrx_word' id='word_1_204' title='bbox 174 2571 251 2630; x_wconf 86' lang='lat' dir='ltr'>fim&#39;ul</span> <span class='ocrx_word' id='word_1_205' title='bbox 268 2572 406 2635; x_wconf 85' lang='lat' dir='ltr'>constituta</span> <span class='ocrx_word' id='word_1_206' title='bbox 423 2592 478 2631; x_wconf 83' lang='lat' dir='ltr'>nox</span> <span class='ocrx_word' id='word_1_207' title='bbox 498 2574 577 2639; x_wconf 83' lang='lat' dir='ltr'>venit,</span> <span class='ocrx_word' id='word_1_208' title='bbox 596 2592 628 2633; x_wconf 88' lang='lat' dir='ltr'>err</span> <span class='ocrx_word' id='word_1_209' title='bbox 648 2580 794 2656; x_wconf 69' lang='lat' dir='ltr'>composito</span> 
     </span>
     <span class='ocr_line' id='line_1_31' title="bbox 58 2652 795 2734; baseline 0.005 -22"><span class='ocrx_word' id='word_1_210' title='bbox 58 2667 165 2731; x_wconf 88' lang='lat' dir='ltr'>repente</span> <span class='ocrx_word' id='word_1_211' title='bbox 177 2672 256 2731; x_wconf 89' lang='lat' dir='ltr'>opera</span> <span class='ocrx_word' id='word_1_212' title='bbox 269 2652 455 2733; x_wconf 75' lang='lat' dir='ltr'>estrggreffut.</span> <span class='ocrx_word' id='word_1_213' title='bbox 494 2654 524 2712; x_wconf 87' lang='lat' dir='ltr'>id</span> <span class='ocrx_word' id='word_1_214' title='bbox 537 2654 669 2734; x_wconf 88' lang='lat' dir='ltr'>inoeptum</span> <span class='ocrx_word' id='word_1_215' title='bbox 690 2680 795 2727; x_wconf 67' lang='lat' dir='ltr'>conatu,</span> 
     </span>
     <span class='ocr_line' id='line_1_32' title="bbox 59 2732 794 2816; baseline 0.008 -22"><span class='ocrx_word' id='word_1_216' title='bbox 59 2732 141 2812; x_wconf 79' lang='lat' dir='ltr'>qulrn</span> <span class='ocrx_word' id='word_1_217' title='bbox 152 2734 259 2801; x_wconf 77' lang='lat' dir='ltr'>effectu</span> <span class='ocrx_word' id='word_1_218' title='bbox 275 2736 380 2816; x_wconf 76' lang='lat' dir='ltr'>gravius</span> <span class='ocrx_word' id='word_1_219' title='bbox 395 2736 458 2796; x_wconf 86' lang='lat' dir='ltr'>fuit:</span> <span class='ocrx_word' id='word_1_220' title='bbox 475 2737 535 2814; x_wconf 81' lang='lat' dir='ltr'>quir</span> <span class='ocrx_word' id='word_1_221' title='bbox 547 2736 614 2798; x_wconf 84' lang='lat' dir='ltr'>nulla</span> <span class='ocrx_word' id='word_1_222' title='bbox 627 2740 660 2801; x_wconf 83' lang='lat' dir='ltr'>ab</span> <span class='ocrx_word' id='word_1_223' title='bbox 670 2745 794 2803; x_wconf 82' lang='lat' dir='ltr'>exteriore</span> 
     </span>
     <span class='ocr_line' id='line_1_33' title="bbox 57 2816 795 2901; baseline 0.003 -25"><span class='ocrx_word' id='word_1_224' title='bbox 57 2818 186 2896; x_wconf 78' lang='lat' dir='ltr'>parcetis</span> <span class='ocrx_word' id='word_1_225' title='bbox 205 2818 312 2889; x_wconf 74' lang='lat' dir='ltr'>admota</span> <span class='ocrx_word' id='word_1_226' title='bbox 330 2818 376 2885; x_wconf 78' lang='lat' dir='ltr'>est.</span> <span class='ocrx_word' id='word_1_227' title='bbox 396 2816 439 2883; x_wconf 80' lang='lat' dir='ltr'>seo</span> <span class='ocrx_word' id='word_1_228' title='bbox 458 2833 533 2878; x_wconf 89' lang='lat' dir='ltr'>metu</span> <span class='ocrx_word' id='word_1_229' title='bbox 548 2820 667 2883; x_wconf 82' lang='lat' dir='ltr'>deterrito</span> <span class='ocrx_word' id='word_1_230' title='bbox 686 2839 795 2901; x_wconf 65' lang='lat' dir='ltr'>pretore</span> 
     </span>
    </p>

    <p class='ocr_par' dir='ltr' id='par_1_7' title="bbox 475 2902 809 2983">
     <span class='ocr_line' id='line_1_34' title="bbox 475 2902 809 2983; baseline -0.012 -23"><span class='ocrx_word' id='word_1_231' title='bbox 475 2902 489 2960; x_wconf 94' lang='lat'>1</span> <span class='ocrx_word' id='word_1_232' title='bbox 509 2920 523 2983; x_wconf 75' lang='lat'>3</span> <span class='ocrx_word' id='word_1_233' title='bbox 723 2904 809 2975; x_wconf 24' lang='lat' dir='ltr'>dito·-</span> 
     </span>
    </p>
   </div>
   <div class='ocr_carea' id='block_1_3' title="bbox 0 0 874 3300">
    <p class='ocr_par' dir='ltr' id='par_1_8' title="bbox 0 0 874 3300">
     <span class='ocr_line' id='line_1_35' title="bbox 0 0 874 3300; baseline 0 1"><span class='ocrx_word' id='word_1_234' title='bbox 0 0 874 3300; x_wconf 95' lang='lat' dir='ltr'> </span> 
     </span>
    </p>
   </div>
  </div>
 </body>
</html>
