1740 3300
97 169 156 231 154
317 148 590 216 T.LIVIl

91 260 135 331 qui
150 260 177 314 in
192 258 326 316 meridiem
342 261 432 336 vergit,
454 254 642 315 Naustathmos
655 254 733 313 abre
746 250 827 333 appel-

90 336 165 403 latur,
187 343 248 419 quia
260 343 392 419 ingentem
404 342 459 397 vim
472 340 579 397 navium
589 339 672 414 capit:
695 336 761 397 alter
771 354 829 415 pro·

93 439 128 495 pe
144 422 229 497 ipsum
244 428 379 498 Lamptera
393 424 438 479 est.

137 506 255 564 XXXII.
272 508 326 561 Hos
340 517 430 577 portus
448 500 588 560 tutissimos
601 518 689 578 quum
704 496 830 578 occupet

93 581 131 642 set
146 590 265 643 Romana
277 582 370 648 clatra„
389 584 536 661 priusquam
551 599 595 640 aut
611 582 685 641 scalis
701 596 754 639 aut
774 599 831 660 opt*

95 666 166 723 ribus
177 667 278 722 muenia
290 665 477 743 aggrederetur,
496 665 636 722 mittendos
654 664 761 723 censuit
771 682 831 741 pm

96 763 144 806 tor,
158 747 202 822 qui
215 747 361 823 principum
371 748 618 825 magistratuumque
625 747 740 803 animoa
754 758 832 805 renta-
862 741 864 796 ἶ

93 844 158 886 rent.
185 830 351 906 posteaquam
369 828 507 886 obstinatos
526 826 597 889 vidit,
625 826 737 885 duobus
762 823 832 885 srmui

93 909 158 965 105³<
168 932 229 983 oup:
239 930 317 988 gnare
328 908 365 967 est
376 911 488 967 adortus.
527 907 608 964 Altera
615 926 674 985 pars
682 910 833 988 irritaquem

95 991 283 1049 aedificiiserat:
310 994 407 1067 templa
425 990 511 1049 Derim
531 988 695 1066 aliquantum
710 990 833 1051 teneam

94 1072 153 1130 ioci.
171 1074 283 1147 captiua
298 1076 373 1129 ariete
392 1072 507 1132 admoto,
538 1084 642 1145 quatere
665 1090 771 1131 muroa
788 1088 834 1143 tur·

94 1152 181 1229 resque
194 1154 283 1227 coepit.
302 1153 391 1208 deiude
404 1170 486 1227 quum
500 1148 531 1205 ed
544 1146 690 1207 multitudo
711 1172 833 1213 occurit·

94 1250 132 1291 ret
145 1236 175 1291 ad
188 1234 384 1295 defendendum,
406 1232 480 1290 altera
492 1248 596 1306 quoque
608 1245 682 1306 parte
706 1236 833 1295 admota

94 1319 165 1381 aries,
186 1321 213 1375 δι
224 1316 279 1391 jam
294 1316 423 1391 utrimque
434 1312 603 1370 sternebantur
617 1313 699 1370 muri.
723 1317 761 1375 ad
774 1336 833 1395 quo·

95 1420 156 1456 rum
177 1396 264 1457 casum
280 1416 362 1473 quum
385 1398 514 1471 impetum
534 1396 650 1452 Romani
668 1395 776 1457 milites
790 1412 832 1475 pfl

94 1481 176 1555 ipsam
195 1482 304 1555 stragem
327 1478 460 1534 ruinarum
482 1476 601 1539 iacerent,
612 1537 615 1543 ,
626 1474 669 1532 aiii
688 1476 766 1537 scafis
787 1478 832 1537 eri-

95 1580 139 1617 am
154 1559 285 1617 ascensum
307 1560 334 1615 in
358 1578 447 1616 muros
466 1558 600 1621 tentarent}
620 1556 686 1615 aded
703 1556 831 1619 obffimrd

95 1644 238 1701 restiterunt
252 1642 379 1718 oppidani,
399 1656 428 1698 ut
442 1637 514 1698 facil&
524 1656 652 1717 appareret
673 1639 735 1717 plus
749 1644 777 1699 in
793 1659 829 1699 ar·

95 1726 185 1782 mis&
199 1728 299 1787 virtute,
319 1722 397 1799 quim
412 1726 437 1778 in
450 1723 581 1779 moenibus
594 1720 679 1777 auxilii
690 1722 754 1781 eise.
774 1740 828 1781 coa·

96 1808 154 1861 stus
167 1825 230 1880 ergo
246 1805 357 1879 periculo
373 1804 487 1860 militum
507 1818 607 1879 praetor,
634 1806 755 1882 receptui
774 1804 827 1863 cani

93 1886 172 1960 judit,
194 1904 227 1940 ne
238 1883 360 1955 objiceret
372 1884 487 1938 incautos
504 1885 644 1941 furentibus
655 1878 827 1961 desperatione

95 1984 125 2023 ac
138 1964 213 2021 rabie.
254 1966 393 2037 Dirempto
411 1964 510 2039 prurio,
542 1960 581 2023 rre‘
587 1981 646 2023 tum
663 1966 775 2043 quidem
796 1966 824 2025 ad

94 2048 207 2122 quietem
231 2046 305 2108 verti3
336 2044 376 2100 sui
398 2045 509 2120 undique
522 2066 615 2104 omnes
634 2048 665 2104 ad
678 2050 826 2111 munienda,

94 2132 121 2187 u
144 2126 304 2183 obmoiierrda
326 2144 384 2202 quat
403 2127 481 2182 ruinis
501 2130 574 2186 strata
587 2144 667 2194 erant,
691 2146 825 2190 concurre·

93 2228 163 2269 runt.
202 2210 347 2285 Huicoperi
360 2209 463 2265 intentis
480 2208 625 2285 supervenit
642 2216 678 2288 Q.
691 2213 824 2275 Antonius

93 2290 228 2368 iprrtore
242 2292 338 2348 miffar:
359 2293 413 2368 qui,
436 2292 552 2369 castigata
567 2294 703 2369 pertinacia
725 2310 824 2357 eorum,

95 2383 213 2451 majorem
226 2394 313 2432 curam
325 2376 441 2431 Romanis
453 2372 535 2450 qudem
547 2376 594 2432 illis
610 2376 755 2435 ostenderet
773 2376 823 2455 effe,

93 2476 123 2511 ne
139 2463 163 2512 in
182 2461 310 2535 perniciem
323 2455 389 2513 urbis
404 2468 560 2530 pugnaretur.
574 2455 724 2533 fiabfrstere
736 2458 824 2535 surm

91 2540 193 2601 vellent,
217 2540 357 2616 patestatem
378 2540 406 2593 iis
427 2538 486 2593 dm
505 2540 589 2595 eadem
606 2541 747 2605 conditione,
773 2556 823 2619 qua

93 2620 158 2694 prius
171 2629 200 2675 c.
214 2623 314 2677 Liviiin
322 2620 401 2691 fidem
412 2618 536 2695 venissent,
552 2622 719 2695 J'etradendr'.
759 2624 822 2679 Hae

91 2714 173 2774 quum
195 2700 320 2764 ruissent,
336 2702 449 2776 quinque
462 2700 561 2757 dierum
577 2701 659 2777 spatio
678 2703 709 2759 ad
731 2701 823 2761 deliba

90 2778 198 2835 randum
213 2779 326 2853 Fumptm
345 2794 438 2838 tentata
452 2782 555 2839 interim
566 2781 609 2859 spe
624 2783 710 2841 auxilii
721 2784 757 2843 ab
769 2787 822 2843 Aa·

89 2859 187 2927 rioche,
202 2862 369 2940 posteaquam
380 2861 455 2941 iegati
468 2862 540 2945 miffi
549 2865 583 2924 ad
593 2882 692 2944 regem,
713 2866 781 2931 nihii
794 2866 821 2925 i'n

44 3054 210 3208 Ἃ
