<?xml version="1.0" encoding="UTF-8"?>
<!DOCTYPE html PUBLIC "-//W3C//DTD XHTML 1.0 Transitional//EN"
    "http://www.w3.org/TR/xhtml1/DTD/xhtml1-transitional.dtd">
<html xmlns="http://www.w3.org/1999/xhtml" xml:lang="en" lang="en">
 <head>
  <title>
</title>
<meta http-equiv="Content-Type" content="text/html;charset=utf-8" />
  <meta name='ocr-system' content='tesseract 3.04.00' />
  <meta name='ocr-capabilities' content='ocr_page ocr_carea ocr_par ocr_line ocrx_word'/>
</head>
<body>
  <div class='ocr_page' id='page_1' title='image "./tliviipatavinih01livygoog_0041.png"; bbox 0 0 1740 3300; ppageno 0'>
   <div class='ocr_carea' id='block_1_1' title="bbox 222 388 780 533">
    <p class='ocr_par' dir='ltr' id='par_1_1' title="bbox 222 388 780 533">
     <span class='ocr_line' id='line_1_1' title="bbox 222 388 780 533; baseline -0.004 -19"><span class='ocrx_word' id='word_1_1' title='bbox 222 448 254 514; x_wconf 81' lang='lat' dir='ltr'>n</span> <span class='ocrx_word' id='word_1_2' title='bbox 277 388 437 512; x_wconf 80' lang='lat' dir='ltr'>runrt</span> <span class='ocrx_word' id='word_1_3' title='bbox 479 440 632 513; x_wconf 84' lang='lat' dir='ltr'><strong>xxxv.</strong></span> <span class='ocrx_word' id='word_1_4' title='bbox 738 464 780 533; x_wconf 81' lang='lat'>43</span> 
     </span>
    </p>
   </div>
   <div class='ocr_carea' id='block_1_2' title="bbox 39 553 835 3189">
    <p class='ocr_par' dir='ltr' id='par_1_2' title="bbox 39 553 790 2266">
     <span class='ocr_line' id='line_1_2' title="bbox 44 553 783 624; baseline -0.004 -8"><span class='ocrx_word' id='word_1_5' title='bbox 44 554 182 621; x_wconf 81' lang='lat' dir='ltr'><strong>insontem,</strong></span> <span class='ocrx_word' id='word_1_6' title='bbox 202 554 385 624; x_wconf 84' lang='lat' dir='ltr'>indemnatum</span> <span class='ocrx_word' id='word_1_7' title='bbox 408 553 586 615; x_wconf 85' lang='lat' dir='ltr'>consenescere</span> <span class='ocrx_word' id='word_1_8' title='bbox 607 554 694 617; x_wconf 80' lang='lat' dir='ltr'>exsilio</span> <span class='ocrx_word' id='word_1_9' title='bbox 717 556 783 614; x_wconf 86' lang='lat' dir='ltr'>fine·</span> 
     </span>
     <span class='ocr_line' id='line_1_3' title="bbox 43 636 783 715; baseline -0.004 -17"><span class='ocrx_word' id='word_1_10' title='bbox 43 654 106 701; x_wconf 88' lang='lat' dir='ltr'>rent.</span> <span class='ocrx_word' id='word_1_11' title='bbox 147 644 182 699; x_wconf 88' lang='lat' dir='ltr'>Et</span> <span class='ocrx_word' id='word_1_12' title='bbox 198 637 326 715; x_wconf 86' lang='lat' dir='ltr'>sunpliccs</span> <span class='ocrx_word' id='word_1_13' title='bbox 343 636 465 696; x_wconf 86' lang='lat' dir='ltr'>homines</span> <span class='ocrx_word' id='word_1_14' title='bbox 484 638 665 705; x_wconf 77' lang='lat' dir='ltr'>misericordia,</span> <span class='ocrx_word' id='word_1_15' title='bbox 687 643 715 699; x_wconf 79' lang='lat' dir='ltr'>bc</span> <span class='ocrx_word' id='word_1_16' title='bbox 730 641 783 696; x_wconf 89' lang='lat' dir='ltr'>im·</span> 
     </span>
     <span class='ocr_line' id='line_1_4' title="bbox 41 716 784 801; baseline -0.005 -20"><span class='ocrx_word' id='word_1_17' title='bbox 41 722 132 801; x_wconf 90' lang='lat' dir='ltr'>probos</span> <span class='ocrx_word' id='word_1_18' title='bbox 151 718 329 798; x_wconf 79' lang='lat' dir='ltr'>seditiososque</span> <span class='ocrx_word' id='word_1_19' title='bbox 347 716 511 778; x_wconf 88' lang='lat' dir='ltr'>immiscendi</span> <span class='ocrx_word' id='word_1_20' title='bbox 524 740 566 781; x_wconf 89' lang='lat' dir='ltr'>res</span> <span class='ocrx_word' id='word_1_21' title='bbox 578 722 694 782; x_wconf 83' lang='lat' dir='ltr'>tumultu</span> <span class='ocrx_word' id='word_1_22' title='bbox 708 724 784 779; x_wconf 86' lang='lat' dir='ltr'>AEto·</span> 
     </span>
     <span class='ocr_line' id='line_1_5' title="bbox 41 800 785 882; baseline -0.005 -19"><span class='ocrx_word' id='word_1_23' title='bbox 41 804 90 863; x_wconf 90' lang='lat' dir='ltr'>lico</span> <span class='ocrx_word' id='word_1_24' title='bbox 101 804 158 882; x_wconf 88' lang='lat' dir='ltr'>spes</span> <span class='ocrx_word' id='word_1_25' title='bbox 170 803 273 863; x_wconf 84' lang='lat' dir='ltr'>movit:</span> <span class='ocrx_word' id='word_1_26' title='bbox 295 820 343 880; x_wconf 90' lang='lat' dir='ltr'>pro</span> <span class='ocrx_word' id='word_1_27' title='bbox 356 800 381 859; x_wconf 86' lang='lat' dir='ltr'>se</span> <span class='ocrx_word' id='word_1_28' title='bbox 395 802 504 880; x_wconf 87' lang='lat' dir='ltr'>quisquc</span> <span class='ocrx_word' id='word_1_29' title='bbox 516 822 637 864; x_wconf 85' lang='lat' dir='ltr'>revocare</span> <span class='ocrx_word' id='word_1_30' title='bbox 650 803 785 881; x_wconf 78' lang='lat' dir='ltr'>jubebant.</span> 
     </span>
     <span class='ocr_line' id='line_1_6' title="bbox 42 882 785 966; baseline -0.004 -20"><span class='ocrx_word' id='word_1_31' title='bbox 42 888 87 946; x_wconf 82' lang='lat' dir='ltr'>ilis</span> <span class='ocrx_word' id='word_1_32' title='bbox 98 886 245 965; x_wconf 84' lang='lat' dir='ltr'>ptaeparatis</span> <span class='ocrx_word' id='word_1_33' title='bbox 259 882 363 943; x_wconf 89' lang='lat' dir='ltr'>Diocles</span> <span class='ocrx_word' id='word_1_34' title='bbox 375 902 438 943; x_wconf 87' lang='lat' dir='ltr'>cunr</span> <span class='ocrx_word' id='word_1_35' title='bbox 451 889 529 945; x_wconf 91' lang='lat' dir='ltr'>omni</span> <span class='ocrx_word' id='word_1_36' title='bbox 543 890 658 966; x_wconf 87' lang='lat' dir='ltr'>equitatu</span> <span class='ocrx_word' id='word_1_37' title='bbox 670 888 716 959; x_wconf 79' lang='lat' dir='ltr'>(bt</span> <span class='ocrx_word' id='word_1_38' title='bbox 730 898 785 943; x_wconf 88' lang='lat' dir='ltr'>erat</span> 
     </span>
     <span class='ocr_line' id='line_1_7' title="bbox 41 960 786 1047; baseline -0.001 -21"><span class='ocrx_word' id='word_1_39' title='bbox 41 980 104 1028; x_wconf 90' lang='lat' dir='ltr'>tunc</span> <span class='ocrx_word' id='word_1_40' title='bbox 123 968 262 1047; x_wconf 74' lang='lat' dir='ltr'>pracfedius</span> <span class='ocrx_word' id='word_1_41' title='bbox 283 968 420 1045; x_wconf 86' lang='lat' dir='ltr'>equitum)</span> <span class='ocrx_word' id='word_1_42' title='bbox 437 960 521 1044; x_wconf 87' lang='lat' dir='ltr'>specie</span> <span class='ocrx_word' id='word_1_43' title='bbox 544 971 687 1029; x_wconf 71' lang='lat' dir='ltr'>reducentis</span> <span class='ocrx_word' id='word_1_44' title='bbox 710 966 786 1026; x_wconf 87' lang='lat' dir='ltr'>cxsu-</span> 
     </span>
     <span class='ocr_line' id='line_1_8' title="bbox 40 1048 784 1131; baseline -0.003 -21"><span class='ocrx_word' id='word_1_45' title='bbox 40 1048 91 1110; x_wconf 85' lang='lat' dir='ltr'>lem</span> <span class='ocrx_word' id='word_1_46' title='bbox 111 1048 241 1129; x_wconf 87' lang='lat' dir='ltr'>hospitem</span> <span class='ocrx_word' id='word_1_47' title='bbox 258 1049 402 1125; x_wconf 72' lang='lat' dir='ltr'>professus,</span> <span class='ocrx_word' id='word_1_48' title='bbox 423 1049 465 1107; x_wconf 89' lang='lat' dir='ltr'>die</span> <span class='ocrx_word' id='word_1_49' title='bbox 485 1070 516 1110; x_wconf 89' lang='lat' dir='ltr'>ac</span> <span class='ocrx_word' id='word_1_50' title='bbox 528 1054 609 1112; x_wconf 74' lang='lat' dir='ltr'>noste</span> <span class='ocrx_word' id='word_1_51' title='bbox 625 1054 717 1131; x_wconf 86' lang='lat' dir='ltr'>ingens</span> <span class='ocrx_word' id='word_1_52' title='bbox 734 1051 784 1110; x_wconf 85' lang='lat' dir='ltr'>iter</span> 
     </span>
     <span class='ocr_line' id='line_1_9' title="bbox 40 1128 785 1210; baseline -0.003 -18"><span class='ocrx_word' id='word_1_53' title='bbox 40 1128 168 1197; x_wconf 87' lang='lat' dir='ltr'>emensus,</span> <span class='ocrx_word' id='word_1_54' title='bbox 191 1151 274 1210; x_wconf 91' lang='lat' dir='ltr'>quum</span> <span class='ocrx_word' id='word_1_55' title='bbox 300 1132 378 1192; x_wconf 85' lang='lat' dir='ltr'>millia</span> <span class='ocrx_word' id='word_1_56' title='bbox 403 1129 445 1189; x_wconf 87' lang='lat' dir='ltr'>sex</span> <span class='ocrx_word' id='word_1_57' title='bbox 470 1132 503 1191; x_wconf 89' lang='lat' dir='ltr'>ab</span> <span class='ocrx_word' id='word_1_58' title='bbox 523 1136 586 1195; x_wconf 88' lang='lat' dir='ltr'>urbe</span> <span class='ocrx_word' id='word_1_59' title='bbox 606 1133 707 1198; x_wconf 75' lang='lat' dir='ltr'>abesset,</span> <span class='ocrx_word' id='word_1_60' title='bbox 728 1133 785 1191; x_wconf 87' lang='lat' dir='ltr'>luce</span> 
     </span>
     <span class='ocr_line' id='line_1_10' title="bbox 39 1213 786 1292; baseline -0.001 -19"><span class='ocrx_word' id='word_1_61' title='bbox 39 1220 122 1292; x_wconf 86' lang='lat' dir='ltr'>prima</span> <span class='ocrx_word' id='word_1_62' title='bbox 141 1214 221 1274; x_wconf 90' lang='lat' dir='ltr'>tribus</span> <span class='ocrx_word' id='word_1_63' title='bbox 239 1213 325 1272; x_wconf 80' lang='lat' dir='ltr'>elestis</span> <span class='ocrx_word' id='word_1_64' title='bbox 344 1216 447 1281; x_wconf 87' lang='lat' dir='ltr'>turmis,</span> <span class='ocrx_word' id='word_1_65' title='bbox 466 1231 548 1279; x_wconf 88' lang='lat' dir='ltr'>cetera</span> <span class='ocrx_word' id='word_1_66' title='bbox 566 1215 733 1275; x_wconf 86' lang='lat' dir='ltr'>multimdine</span> <span class='ocrx_word' id='word_1_67' title='bbox 758 1233 786 1272; x_wconf 90' lang='lat' dir='ltr'>e-</span> 
     </span>
     <span class='ocr_line' id='line_1_11' title="bbox 40 1294 786 1375; baseline -0.004 -18"><span class='ocrx_word' id='word_1_68' title='bbox 40 1302 147 1375; x_wconf 91' lang='lat' dir='ltr'>quitum</span> <span class='ocrx_word' id='word_1_69' title='bbox 167 1294 284 1374; x_wconf 84' lang='lat' dir='ltr'>subsequi</span> <span class='ocrx_word' id='word_1_70' title='bbox 296 1297 371 1371; x_wconf 83' lang='lat' dir='ltr'>julla,</span> <span class='ocrx_word' id='word_1_71' title='bbox 392 1299 523 1373; x_wconf 76' lang='lat' dir='ltr'>praecessit.</span> <span class='ocrx_word' id='word_1_72' title='bbox 541 1300 709 1375; x_wconf 85' lang='lat' dir='ltr'>posteaquam</span> <span class='ocrx_word' id='word_1_73' title='bbox 724 1316 786 1375; x_wconf 90' lang='lat' dir='ltr'>por·</span> 
     </span>
     <span class='ocr_line' id='line_1_12' title="bbox 40 1376 787 1458; baseline 0 -21"><span class='ocrx_word' id='word_1_74' title='bbox 40 1392 73 1439; x_wconf 81' lang='lat' dir='ltr'>tae</span> <span class='ocrx_word' id='word_1_75' title='bbox 91 1376 320 1457; x_wconf 83' lang='lat' dir='ltr'>appropinquabat,</span> <span class='ocrx_word' id='word_1_76' title='bbox 342 1377 437 1436; x_wconf 81' lang='lat' dir='ltr'>desilire</span> <span class='ocrx_word' id='word_1_77' title='bbox 455 1398 549 1437; x_wconf 86' lang='lat' dir='ltr'>omncs</span> <span class='ocrx_word' id='word_1_78' title='bbox 568 1398 600 1438; x_wconf 87' lang='lat' dir='ltr'>cx</span> <span class='ocrx_word' id='word_1_79' title='bbox 616 1381 688 1458; x_wconf 88' lang='lat' dir='ltr'>equis</span> <span class='ocrx_word' id='word_1_80' title='bbox 704 1379 787 1455; x_wconf 83' lang='lat' dir='ltr'>jussn,</span> 
     </span>
     <span class='ocr_line' id='line_1_13' title="bbox 41 1459 786 1539; baseline -0.003 -19"><span class='ocrx_word' id='word_1_81' title='bbox 41 1462 69 1520; x_wconf 74' lang='lat' dir='ltr'>bi</span> <span class='ocrx_word' id='word_1_82' title='bbox 88 1462 150 1521; x_wconf 91' lang='lat' dir='ltr'>loris</span> <span class='ocrx_word' id='word_1_83' title='bbox 172 1459 264 1517; x_wconf 87' lang='lat' dir='ltr'>ducere</span> <span class='ocrx_word' id='word_1_84' title='bbox 279 1479 381 1539; x_wconf 81' lang='lat' dir='ltr'>equos;</span> <span class='ocrx_word' id='word_1_85' title='bbox 405 1460 501 1521; x_wconf 89' lang='lat' dir='ltr'>itineris</span> <span class='ocrx_word' id='word_1_86' title='bbox 514 1459 632 1521; x_wconf 68' lang='lat' dir='ltr'>maxime}</span> <span class='ocrx_word' id='word_1_87' title='bbox 647 1463 731 1521; x_wconf 87' lang='lat' dir='ltr'>modo</span> <span class='ocrx_word' id='word_1_88' title='bbox 744 1461 786 1518; x_wconf 89' lang='lat' dir='ltr'>so-</span> 
     </span>
     <span class='ocr_line' id='line_1_14' title="bbox 39 1541 788 1624; baseline -0.003 -22"><span class='ocrx_word' id='word_1_89' title='bbox 39 1541 99 1604; x_wconf 90' lang='lat' dir='ltr'>lutis</span> <span class='ocrx_word' id='word_1_90' title='bbox 118 1541 258 1607; x_wconf 88' lang='lat' dir='ltr'>ordinibus,</span> <span class='ocrx_word' id='word_1_91' title='bbox 277 1556 308 1599; x_wconf 89' lang='lat' dir='ltr'>ut</span> <span class='ocrx_word' id='word_1_92' title='bbox 325 1541 466 1601; x_wconf 84' lang='lat' dir='ltr'>comitatus</span> <span class='ocrx_word' id='word_1_93' title='bbox 482 1545 567 1624; x_wconf 83' lang='lat' dir='ltr'>magis</span> <span class='ocrx_word' id='word_1_94' title='bbox 583 1542 698 1620; x_wconf 64' lang='lat' dir='ltr'>masse&amp;</span> <span class='ocrx_word' id='word_1_95' title='bbox 716 1544 788 1601; x_wconf 86' lang='lat' dir='ltr'>vide·</span> 
     </span>
     <span class='ocr_line' id='line_1_15' title="bbox 39 1620 788 1701; baseline -0.003 -16"><span class='ocrx_word' id='word_1_96' title='bbox 39 1620 122 1691; x_wconf 76' lang='lat' dir='ltr'>tetur,</span> <span class='ocrx_word' id='word_1_97' title='bbox 138 1620 218 1701; x_wconf 73' lang='lat' dir='ltr'>quim</span> <span class='ocrx_word' id='word_1_98' title='bbox 233 1622 387 1700; x_wconf 81' lang='lat' dir='ltr'>praesidium.</span> <span class='ocrx_word' id='word_1_99' title='bbox 414 1623 454 1681; x_wconf 90' lang='lat' dir='ltr'>Ibi</span> <span class='ocrx_word' id='word_1_100' title='bbox 468 1644 521 1684; x_wconf 88' lang='lat' dir='ltr'>una</span> <span class='ocrx_word' id='word_1_101' title='bbox 531 1644 564 1683; x_wconf 84' lang='lat' dir='ltr'>ex</span> <span class='ocrx_word' id='word_1_102' title='bbox 576 1628 670 1683; x_wconf 86' lang='lat' dir='ltr'>turmis</span> <span class='ocrx_word' id='word_1_103' title='bbox 684 1626 715 1683; x_wconf 88' lang='lat' dir='ltr'>ad</span> <span class='ocrx_word' id='word_1_104' title='bbox 726 1642 788 1700; x_wconf 88' lang='lat' dir='ltr'>por·</span> 
     </span>
     <span class='ocr_line' id='line_1_16' title="bbox 39 1702 790 1786; baseline -0.001 -21"><span class='ocrx_word' id='word_1_105' title='bbox 39 1720 98 1769; x_wconf 84' lang='lat' dir='ltr'>tam</span> <span class='ocrx_word' id='word_1_106' title='bbox 112 1706 211 1772; x_wconf 73' lang='lat' dir='ltr'>relicta,</span> <span class='ocrx_word' id='word_1_107' title='bbox 230 1725 264 1763; x_wconf 92' lang='lat' dir='ltr'>ne</span> <span class='ocrx_word' id='word_1_108' title='bbox 275 1702 374 1765; x_wconf 88' lang='lat' dir='ltr'>excludi</span> <span class='ocrx_word' id='word_1_109' title='bbox 391 1704 544 1786; x_wconf 81' lang='lat' dir='ltr'>subsequens</span> <span class='ocrx_word' id='word_1_110' title='bbox 557 1708 685 1785; x_wconf 84' lang='lat' dir='ltr'>equitatus</span> <span class='ocrx_word' id='word_1_111' title='bbox 698 1706 790 1783; x_wconf 84' lang='lat' dir='ltr'>posset,</span> 
     </span>
     <span class='ocr_line' id='line_1_17' title="bbox 39 1786 790 1869; baseline 0 -19"><span class='ocrx_word' id='word_1_112' title='bbox 39 1790 130 1850; x_wconf 82' lang='lat' dir='ltr'>modia</span> <span class='ocrx_word' id='word_1_113' title='bbox 150 1786 212 1847; x_wconf 92' lang='lat' dir='ltr'>urbe</span> <span class='ocrx_word' id='word_1_114' title='bbox 228 1809 258 1847; x_wconf 89' lang='lat' dir='ltr'>ac</span> <span class='ocrx_word' id='word_1_115' title='bbox 277 1807 322 1865; x_wconf 87' lang='lat' dir='ltr'>per</span> <span class='ocrx_word' id='word_1_116' title='bbox 338 1788 428 1849; x_wconf 87' lang='lat' dir='ltr'>forum</span> <span class='ocrx_word' id='word_1_117' title='bbox 447 1810 531 1850; x_wconf 88' lang='lat' dir='ltr'>manu</span> <span class='ocrx_word' id='word_1_118' title='bbox 550 1790 729 1869; x_wconf 86' lang='lat' dir='ltr'>Eurylochum</span> <span class='ocrx_word' id='word_1_119' title='bbox 750 1802 790 1850; x_wconf 81' lang='lat' dir='ltr'>te·</span> 
     </span>
     <span class='ocr_line' id='line_1_18' title="bbox 39 1869 789 1953; baseline -0.001 -23"><span class='ocrx_word' id='word_1_120' title='bbox 39 1891 116 1937; x_wconf 79' lang='lat' dir='ltr'>nens,</span> <span class='ocrx_word' id='word_1_121' title='bbox 150 1869 240 1929; x_wconf 87' lang='lat' dir='ltr'>multis</span> <span class='ocrx_word' id='word_1_122' title='bbox 264 1872 458 1931; x_wconf 87' lang='lat' dir='ltr'>occurrentibus</span> <span class='ocrx_word' id='word_1_123' title='bbox 482 1873 717 1953; x_wconf 87' lang='lat' dir='ltr'>gratulantibusque</span> <span class='ocrx_word' id='word_1_124' title='bbox 741 1872 789 1929; x_wconf 88' lang='lat' dir='ltr'>do-</span> 
     </span>
     <span class='ocr_line' id='line_1_19' title="bbox 39 1954 790 2030; baseline -0.003 -17"><span class='ocrx_word' id='word_1_125' title='bbox 39 1972 125 2014; x_wconf 86' lang='lat' dir='ltr'>mum</span> <span class='ocrx_word' id='word_1_126' title='bbox 143 1954 257 2011; x_wconf 85' lang='lat' dir='ltr'>deduxit.</span> <span class='ocrx_word' id='word_1_127' title='bbox 298 1957 365 2011; x_wconf 88' lang='lat' dir='ltr'>Mox</span> <span class='ocrx_word' id='word_1_128' title='bbox 379 1956 500 2029; x_wconf 87' lang='lat' dir='ltr'>equitum</span> <span class='ocrx_word' id='word_1_129' title='bbox 516 1955 590 2030; x_wconf 87' lang='lat' dir='ltr'>plena</span> <span class='ocrx_word' id='word_1_130' title='bbox 603 1954 664 2012; x_wconf 89' lang='lat' dir='ltr'>urbs</span> <span class='ocrx_word' id='word_1_131' title='bbox 678 1967 740 2018; x_wconf 81' lang='lat' dir='ltr'>emt,</span> <span class='ocrx_word' id='word_1_132' title='bbox 760 1958 790 2011; x_wconf 78' lang='lat' dir='ltr'>dt</span> 
     </span>
     <span class='ocr_line' id='line_1_20' title="bbox 39 2032 790 2111; baseline -0.004 -16"><span class='ocrx_word' id='word_1_133' title='bbox 39 2033 102 2097; x_wconf 60' lang='lat' dir='ltr'>loca</span> <span class='ocrx_word' id='word_1_134' title='bbox 117 2050 264 2111; x_wconf 87' lang='lat' dir='ltr'>opportuna</span> <span class='ocrx_word' id='word_1_135' title='bbox 280 2033 478 2111; x_wconf 86' lang='lat' dir='ltr'>occupabantur.</span> <span class='ocrx_word' id='word_1_136' title='bbox 496 2049 555 2095; x_wconf 89' lang='lat' dir='ltr'>tum</span> <span class='ocrx_word' id='word_1_137' title='bbox 572 2038 710 2095; x_wconf 85' lang='lat' dir='ltr'>indamus</span> <span class='ocrx_word' id='word_1_138' title='bbox 726 2032 790 2093; x_wconf 89' lang='lat' dir='ltr'>mis·</span> 
     </span>
     <span class='ocr_line' id='line_1_21' title="bbox 39 2115 789 2194; baseline 0.009 -22"><span class='ocrx_word' id='word_1_139' title='bbox 39 2119 68 2186; x_wconf 73' lang='grc' dir='ltr'>ἱ,</span> <span class='ocrx_word' id='word_1_140' title='bbox 91 2118 140 2194; x_wconf 92' lang='lat' dir='ltr'>qui</span> <span class='ocrx_word' id='word_1_141' title='bbox 150 2116 279 2191; x_wconf 87' lang='lat' dir='ltr'>principes</span> <span class='ocrx_word' id='word_1_142' title='bbox 291 2115 398 2176; x_wconf 74' lang='lat' dir='ltr'>adversa</span> <span class='ocrx_word' id='word_1_143' title='bbox 409 2116 531 2179; x_wconf 67' lang='lat' dir='ltr'>fritionis</span> <span class='ocrx_word' id='word_1_144' title='bbox 541 2121 722 2183; x_wconf 74' lang='lat' dir='ltr'>interficerent.</span> <span class='ocrx_word' id='word_1_145' title='bbox 748 2121 789 2179; x_wconf 70' lang='lat' dir='ltr'>ltu</span> 
     </span>
     <span class='ocr_line' id='line_1_22' title="bbox 39 2194 498 2266; baseline -0.004 -5"><span class='ocrx_word' id='word_1_146' title='bbox 39 2199 191 2261; x_wconf 86' lang='lat' dir='ltr'>Demetrias</span> <span class='ocrx_word' id='word_1_147' title='bbox 204 2194 355 2255; x_wconf 85' lang='lat' dir='ltr'>AEtolorum</span> <span class='ocrx_word' id='word_1_148' title='bbox 370 2198 439 2258; x_wconf 73' lang='lat' dir='ltr'>fasta</span> <span class='ocrx_word' id='word_1_149' title='bbox 453 2202 498 2266; x_wconf 90' lang='lat' dir='ltr'>est,</span> 
     </span>
    </p>

    <p class='ocr_par' dir='ltr' id='par_1_3' title="bbox 39 2279 835 3189">
     <span class='ocr_line' id='line_1_23' title="bbox 81 2279 789 2348; baseline -0.004 -7"><span class='ocrx_word' id='word_1_150' title='bbox 81 2283 205 2343; x_wconf 88' lang='lat' dir='ltr'>XXXV.</span> <span class='ocrx_word' id='word_1_151' title='bbox 231 2280 418 2339; x_wconf 84' lang='lat' dir='ltr'>Lacedaemone</span> <span class='ocrx_word' id='word_1_152' title='bbox 440 2301 495 2340; x_wconf 92' lang='lat' dir='ltr'>non</span> <span class='ocrx_word' id='word_1_153' title='bbox 516 2282 572 2340; x_wconf 88' lang='lat' dir='ltr'>urbi</span> <span class='ocrx_word' id='word_1_154' title='bbox 592 2284 631 2341; x_wconf 84' lang='lat' dir='ltr'>vis</span> <span class='ocrx_word' id='word_1_155' title='bbox 651 2279 789 2348; x_wconf 72' lang='lat' dir='ltr'>affamur,</span> 
     </span>
     <span class='ocr_line' id='line_1_24' title="bbox 39 2360 789 2443; baseline -0.005 -17"><span class='ocrx_word' id='word_1_156' title='bbox 39 2364 82 2426; x_wconf 87' lang='lat' dir='ltr'>sed</span> <span class='ocrx_word' id='word_1_157' title='bbox 109 2379 235 2442; x_wconf 87' lang='lat' dir='ltr'>tyrannus</span> <span class='ocrx_word' id='word_1_158' title='bbox 252 2360 314 2419; x_wconf 93' lang='lat' dir='ltr'>dolo</span> <span class='ocrx_word' id='word_1_159' title='bbox 335 2364 474 2439; x_wconf 86' lang='lat' dir='ltr'>capiendus</span> <span class='ocrx_word' id='word_1_160' title='bbox 492 2378 558 2423; x_wconf 88' lang='lat' dir='ltr'>erat:</span> <span class='ocrx_word' id='word_1_161' title='bbox 592 2384 674 2443; x_wconf 89' lang='lat' dir='ltr'>quem</span> <span class='ocrx_word' id='word_1_162' title='bbox 696 2364 789 2441; x_wconf 84' lang='lat' dir='ltr'>spolia·</span> 
     </span>
     <span class='ocr_line' id='line_1_25' title="bbox 39 2443 788 2521; baseline -0.003 -16"><span class='ocrx_word' id='word_1_163' title='bbox 39 2466 106 2508; x_wconf 88' lang='lat' dir='ltr'>rum</span> <span class='ocrx_word' id='word_1_164' title='bbox 119 2445 259 2503; x_wconf 87' lang='lat' dir='ltr'>maritimis</span> <span class='ocrx_word' id='word_1_165' title='bbox 269 2446 370 2521; x_wconf 90' lang='lat' dir='ltr'>oppidis</span> <span class='ocrx_word' id='word_1_166' title='bbox 383 2443 397 2503; x_wconf 79' lang='lat' dir='ltr'>i</span> <span class='ocrx_word' id='word_1_167' title='bbox 408 2450 546 2512; x_wconf 85' lang='lat' dir='ltr'>Romanis,</span> <span class='ocrx_word' id='word_1_168' title='bbox 558 2462 624 2507; x_wconf 88' lang='lat' dir='ltr'>tunc</span> <span class='ocrx_word' id='word_1_169' title='bbox 636 2449 704 2506; x_wconf 88' lang='lat' dir='ltr'>intra</span> <span class='ocrx_word' id='word_1_170' title='bbox 714 2465 788 2505; x_wconf 88' lang='lat' dir='ltr'>mue-</span> 
     </span>
     <span class='ocr_line' id='line_1_26' title="bbox 39 2526 790 2606; baseline -0.005 -17"><span class='ocrx_word' id='word_1_171' title='bbox 39 2534 87 2589; x_wconf 84' lang='lat' dir='ltr'>nia</span> <span class='ocrx_word' id='word_1_172' title='bbox 115 2528 195 2587; x_wconf 88' lang='lat' dir='ltr'>etiam</span> <span class='ocrx_word' id='word_1_173' title='bbox 224 2528 421 2586; x_wconf 84' lang='lat' dir='ltr'>Lacedaemonis</span> <span class='ocrx_word' id='word_1_174' title='bbox 440 2529 472 2589; x_wconf 90' lang='lat' dir='ltr'>ab</span> <span class='ocrx_word' id='word_1_175' title='bbox 491 2528 591 2589; x_wconf 82' lang='lat' dir='ltr'>Achaeis</span> <span class='ocrx_word' id='word_1_176' title='bbox 611 2526 790 2606; x_wconf 88' lang='lat' dir='ltr'>compulsum,</span> 
     </span>
     <span class='ocr_line' id='line_1_27' title="bbox 39 2607 789 2691; baseline -0.003 -24"><span class='ocrx_word' id='word_1_177' title='bbox 39 2613 91 2691; x_wconf 74' lang='lat' dir='ltr'>qni</span> <span class='ocrx_word' id='word_1_178' title='bbox 104 2607 252 2683; x_wconf 77' lang='lat' dir='ltr'>occupisset</span> <span class='ocrx_word' id='word_1_179' title='bbox 266 2608 392 2675; x_wconf 88' lang='lat' dir='ltr'>occidere,</span> <span class='ocrx_word' id='word_1_180' title='bbox 411 2630 473 2670; x_wconf 91' lang='lat' dir='ltr'>enm</span> <span class='ocrx_word' id='word_1_181' title='bbox 488 2614 567 2671; x_wconf 87' lang='lat' dir='ltr'>totius</span> <span class='ocrx_word' id='word_1_182' title='bbox 581 2612 692 2688; x_wconf 86' lang='lat' dir='ltr'>gratiam</span> <span class='ocrx_word' id='word_1_183' title='bbox 710 2611 747 2665; x_wconf 89' lang='lat' dir='ltr'>rei</span> <span class='ocrx_word' id='word_1_184' title='bbox 762 2628 789 2666; x_wconf 89' lang='lat' dir='ltr'>a·</span> 
     </span>
     <span class='ocr_line' id='line_1_28' title="bbox 39 2690 791 2770; baseline -0.004 -18"><span class='ocrx_word' id='word_1_185' title='bbox 39 2694 99 2770; x_wconf 88' lang='lat' dir='ltr'>pud</span> <span class='ocrx_word' id='word_1_186' title='bbox 123 2690 334 2750; x_wconf 81' lang='lat' dir='ltr'>Laccdaemonios</span> <span class='ocrx_word' id='word_1_187' title='bbox 352 2690 477 2753; x_wconf 88' lang='lat' dir='ltr'>laturum.</span> <span class='ocrx_word' id='word_1_188' title='bbox 526 2694 647 2751; x_wconf 74' lang='lat' dir='ltr'>Caullam</span> <span class='ocrx_word' id='word_1_189' title='bbox 669 2691 791 2749; x_wconf 80' lang='lat' dir='ltr'>mittendi</span> 
     </span>
     <span class='ocr_line' id='line_1_29' title="bbox 39 2769 790 2853; baseline -0.001 -19"><span class='ocrx_word' id='word_1_190' title='bbox 39 2776 76 2834; x_wconf 78' lang='lat' dir='ltr'>ad</span> <span class='ocrx_word' id='word_1_191' title='bbox 107 2792 172 2832; x_wconf 91' lang='lat' dir='ltr'>eurn</span> <span class='ocrx_word' id='word_1_192' title='bbox 197 2769 347 2835; x_wconf 83' lang='lat' dir='ltr'>habuerunt,</span> <span class='ocrx_word' id='word_1_193' title='bbox 373 2772 443 2849; x_wconf 86' lang='lat' dir='ltr'>qudd</span> <span class='ocrx_word' id='word_1_194' title='bbox 464 2775 589 2853; x_wconf 86' lang='lat' dir='ltr'>fatigabat</span> <span class='ocrx_word' id='word_1_195' title='bbox 609 2772 735 2852; x_wconf 83' lang='lat' dir='ltr'>precibus,</span> <span class='ocrx_word' id='word_1_196' title='bbox 759 2786 790 2833; x_wconf 87' lang='lat' dir='ltr'>ut</span> 
     </span>
     <span class='ocr_line' id='line_1_30' title="bbox 39 2849 789 2930; baseline 0 -15"><span class='ocrx_word' id='word_1_197' title='bbox 39 2854 139 2915; x_wconf 80' lang='lat' dir='ltr'>auxilia</span> <span class='ocrx_word' id='word_1_198' title='bbox 154 2852 213 2917; x_wconf 85' lang='lat' dir='ltr'>fibi,</span> <span class='ocrx_word' id='word_1_199' title='bbox 233 2871 318 2930; x_wconf 89' lang='lat' dir='ltr'>quum</span> <span class='ocrx_word' id='word_1_200' title='bbox 335 2849 382 2909; x_wconf 88' lang='lat' dir='ltr'>illis</span> <span class='ocrx_word' id='word_1_201' title='bbox 399 2855 547 2914; x_wconf 78' lang='lat' dir='ltr'>audtoribus</span> <span class='ocrx_word' id='word_1_202' title='bbox 561 2854 704 2923; x_wconf 70' lang='lat' dir='ltr'>rebellilset,</span> <span class='ocrx_word' id='word_1_203' title='bbox 724 2857 789 2917; x_wconf 88' lang='lat' dir='ltr'>mit·</span> 
     </span>
     <span class='ocr_line' id='line_1_31' title="bbox 40 2934 789 3013; baseline 0.004 -17"><span class='ocrx_word' id='word_1_204' title='bbox 40 2949 171 2997; x_wconf 83' lang='lat' dir='ltr'>terentur.</span> <span class='ocrx_word' id='word_1_205' title='bbox 210 2934 284 2995; x_wconf 88' lang='lat' dir='ltr'>Mille</span> <span class='ocrx_word' id='word_1_206' title='bbox 299 2935 397 3013; x_wconf 86' lang='lat' dir='ltr'>pedites</span> <span class='ocrx_word' id='word_1_207' title='bbox 418 2936 574 2998; x_wconf 81' lang='lat' dir='ltr'>Alexameno</span> <span class='ocrx_word' id='word_1_208' title='bbox 594 2940 647 2999; x_wconf 84' lang='lat' dir='ltr'>dati</span> <span class='ocrx_word' id='word_1_209' title='bbox 666 2939 734 3004; x_wconf 85' lang='lat' dir='ltr'>sunt.</span> <span class='ocrx_word' id='word_1_210' title='bbox 758 2944 789 2999; x_wconf 76' lang='lat' dir='ltr'>bt</span> 
     </span>
     <span class='ocr_line' id='line_1_32' title="bbox 44 3016 806 3103; baseline -0.007 -23"><span class='ocrx_word' id='word_1_211' title='bbox 44 3018 157 3097; x_wconf 83' lang='lat' dir='ltr'>triginta</span> <span class='ocrx_word' id='word_1_212' title='bbox 167 3016 258 3076; x_wconf 76' lang='lat' dir='ltr'>delodbi</span> <span class='ocrx_word' id='word_1_213' title='bbox 271 3039 304 3076; x_wconf 87' lang='lat' dir='ltr'>ex</span> <span class='ocrx_word' id='word_1_214' title='bbox 314 3019 450 3094; x_wconf 88' lang='lat' dir='ltr'>juventute</span> <span class='ocrx_word' id='word_1_215' title='bbox 462 3024 575 3103; x_wconf 75' lang='lat' dir='ltr'>equites.</span> <span class='ocrx_word' id='word_1_216' title='bbox 606 3020 806 3093; x_wconf 54' lang='lat' dir='ltr'>ruamus.</span> 
     </span>
     <span class='ocr_line' id='line_1_33' title="bbox 43 3098 835 3189; baseline 0.014 -30"><span class='ocrx_word' id='word_1_217' title='bbox 43 3098 205 3159; x_wconf 88' lang='lat' dir='ltr'>Damocrito</span> <span class='ocrx_word' id='word_1_218' title='bbox 220 3101 249 3161; x_wconf 90' lang='lat' dir='ltr'>in</span> <span class='ocrx_word' id='word_1_219' title='bbox 267 3102 384 3165; x_wconf 90' lang='lat' dir='ltr'>concilio</span> <span class='ocrx_word' id='word_1_220' title='bbox 398 3124 501 3167; x_wconf 82' lang='lat' dir='ltr'>arcano</span> <span class='ocrx_word' id='word_1_221' title='bbox 517 3106 623 3189; x_wconf 56' lang='lat' dir='ltr'>gensis,</span> <span class='ocrx_word' id='word_1_222' title='bbox 638 3102 677 3158; x_wconf 53' lang='lat' dir='ltr'>bt</span> <span class='ocrx_word' id='word_1_223' title='bbox 687 3112 753 3171; x_wconf 52' lang='lat' dir='ltr'>“im</span> <span class='ocrx_word' id='word_1_224' title='bbox 763 3100 835 3144; x_wconf 48' lang='lat' dir='ltr'>&#39;m‘</span> 
     </span>
    </p>
   </div>
   <div class='ocr_carea' id='block_1_3' title="bbox 39 3154 864 3282">
    <p class='ocr_par' dir='ltr' id='par_1_4' title="bbox 39 3154 864 3282">
     <span class='ocr_line' id='line_1_34' title="bbox 39 3154 864 3282; baseline 0.036 -43"><span class='ocrx_word' id='word_1_225' title='bbox 39 3172 144 3243; x_wconf 63' lang='lat' dir='ltr'>dietum</span> <span class='ocrx_word' id='word_1_226' title='bbox 165 3176 211 3252; x_wconf 80' lang='lat' dir='ltr'>eil,</span> <span class='ocrx_word' id='word_1_227' title='bbox 232 3186 447 3262; x_wconf 83' lang='lat' dir='ltr'>denunciatum,</span> <span class='ocrx_word' id='word_1_228' title='bbox 469 3200 514 3254; x_wconf 85' lang='lat' dir='ltr'>Ne</span> <span class='ocrx_word' id='word_1_229' title='bbox 534 3192 565 3273; x_wconf 73' lang='lat' dir='ltr'>se</span> <span class='ocrx_word' id='word_1_230' title='bbox 582 3178 740 3246; x_wconf 52' lang='lat' dir='ltr'>“abaham</span> <span class='ocrx_word' id='word_1_231' title='bbox 755 3154 864 3282; x_wconf 46' lang='lat' dir='ltr'>affl</span> 
     </span>
    </p>
   </div>
   <div class='ocr_carea' id='block_1_4' title="bbox 0 0 874 3300">
    <p class='ocr_par' dir='ltr' id='par_1_5' title="bbox 0 0 874 3300">
     <span class='ocr_line' id='line_1_35' title="bbox 0 0 874 3300; baseline 0 0"><span class='ocrx_word' id='word_1_232' title='bbox 0 0 874 3300; x_wconf 95' lang='lat' dir='ltr'> </span> 
     </span>
    </p>
   </div>
  </div>
 </body>
</html>
