1696 3750
97 116 102 123 ·
217 109 429 181 uranu
471 110 665 183 xxxvur.
757 141 817 208 ης

70 237 152 284 runt.
195 224 319 288 Romani,
337 220 482 281 ardentibus
495 225 530 280 ira
543 223 644 288 animis,
661 228 762 304 postero
776 228 816 284 die

77 304 210 363 omnibus
221 306 300 382 copiis
314 306 345 362 nd
359 305 460 364 hostem
474 308 637 381 perveniunt.

120 390 228 448 XXVI.
244 386 356 444 Biduum
369 402 456 445 natura
469 389 569 446 montis
580 407 625 465 per
639 386 759 464 seipsum
769 408 813 446 er·

10 484 23 539 ,ῑ
69 460 211 541 ploranda,
229 469 342 545 nequid
360 469 443 546 ignoti
462 470 531 535 effet,
557 468 697 544 abfirmpfit
719 468 815 529 consul.

10 568 40 605 ι
69 555 155 610 tertio
171 552 215 608 die
230 568 316 627 quum
334 551 445 624 auspicio
463 570 567 628 operam
586 550 699 614 dedilset¹
724 551 815 609 delude

10 636 41 691 is·
63 629 251 695 immoldffet,
275 631 303 686 in
317 644 425 706 quatuor
440 648 520 708 partes
537 631 627 691 divisas
642 634 731 709 copias
750 635 813 690 edu·

10 736 27 777 u
65 715 127 773 cit:
155 714 221 771 duas
235 725 265 770 ut
277 712 368 770 medio
377 726 468 770 monte
478 714 588 778 duemet,
606 715 670 773 duas
682 715 715 774 ab
728 715 813 774 lateri-

10 820 24 875 s:
68 794 126 854 bus
147 809 178 855 ut
197 792 313 853 adversus
329 811 426 851 cornua
440 792 578 852 Gallorum
598 797 714 875 erigeret.
753 804 811 856 Ho-

10 882 18 935 ι’
71 878 159 936 stium
183 877 255 956 quod
276 874 377 934 ruboris
398 889 461 942 erat,
493 875 630 954 Testofigi
651 882 679 936 δι
697 881 808 939 Trocmi

10 982 17 1044 's
71 962 194 1019 mediam
214 957 334 1017 tenebant
355 958 448 1021 aciem,
474 957 552 1016 millia
570 956 710 1016 bominum
727 963 809 1039 ‚quin-

10 1066 20 1103 ς
71 1043 213 1121 quaginta:
239 1042 383 1116 equitatum
400 1039 476 1115 (quia
497 1056 625 1116 equinum
643 1040 726 1100 nullus
744 1045 812 1099 inter

12 1148 31 1195 ⁹.-
74 1121 215 1199 inaequales
226 1138 302 1197 rupes
314 1118 373 1178 usus
385 1125 456 1197 erat)
467 1121 497 1178 ad
512 1122 589 1198 pedes
602 1121 752 1188 dedulstum,
765 1125 810 1182 de·

10 1198 46 1273 ξ
72 1222 139 1262 cem
151 1201 231 1262 millia
240 1202 390 1268 hominum,
410 1203 442 1260 ab
452 1204 545 1261 dextro
557 1203 705 1262 locaverunt
720 1225 811 1263 cornu.

10 1300 44 1359 Ε
68 1285 216 1345 Ariarathis
234 1284 438 1362 Cappadoces&
453 1287 539 1343 Morzi
551 1286 678 1343 auxiliares
697 1288 724 1343 iu
744 1287 810 1344 laevo

32 1396 40 1437 ζ
70 1381 190 1446 quatuor
201 1366 283 1423 ferme
294 1365 404 1422 millium
415 1384 556 1423 numerum
569 1366 710 1442 explebant.
735 1370 810 1423 Con-

10 1478 32 1525 5
72 1448 123 1516 sul,
145 1447 251 1506 srcutiu
266 1446 383 1525 Olympo
399 1461 499 1511 monte,
520 1448 605 1523 prima
621 1449 648 1503 iu
663 1448 716 1505 acie
729 1447 813 1506 locata

10 1568 14 1603 ,ι
71 1529 124 1590 levi
144 1524 282 1593 armatum,
314 1528 424 1586 telorum
451 1530 538 1587 omnis
564 1530 663 1607 generis
683 1545 713 1588 ut
737 1530 811 1607 aeque

73 1632 176 1692 magna
193 1615 232 1668 vis
246 1614 277 1670 ad
292 1629 403 1668 manum
417 1613 486 1677 effes,
503 1611 612 1669 curavit.
649 1611 702 1668 Ubi
716 1630 810 1686 appro-

75 1695 245 1770 pinqulrunt,
266 1696 357 1749 omnia
373 1691 465 1747 eadem
485 1693 626 1766 utrimque,
640 1710 700 1767 quae
712 1691 813 1750 fuerant

10 1830 13 1841 ·
74 1771 812 1932 l‘„lll‘ssllsslnlelsiss‘illllrblll‘l

10 1952 35 2007 ,ξ
72 1915 200 1996 ecfi'non
215 1934 260 2010 ipsr
275 1934 338 1990 vieti
351 1946 432 1996 erant,
449 1932 500 1992 suae
561 1935 592 1994 tis
606 1934 744 1994 hominum
759 1938 809 1996 cla·

10 2046 38 2091 ι
70 2021 138 2078 dem
152 2035 203 2098 pro
217 2016 261 2075 sua
272 2015 408 2074 ducebant.
425 2015 509 2092 itaque
520 2018 644 2095 operibus
659 2019 737 2077 initiis
750 2041 807 2079 coe·

12 2112 28 2170 J
75 2116 119 2177 pta
135 2121 176 2160 res
195 2098 307 2158 eundem
321 2098 422 2158 exitum
443 2097 539 2157 habuit.
577 2100 655 2160 Velut
673 2102 753 2159 nubes
772 2103 808 2159 le·

10 2206 29 2251 s
76 2186 150 2243 vium
177 2180 287 2244 telorum
311 2180 432 2257 coujebla
453 2181 539 2255 obruit
561 2184 644 2241 aciem
664 2183 809 2242 Gallorum.

10 2284 25 2342 ς
74 2283 124 2328 uec
142 2280 187 2324 aut
204 2282 351 2342 procurrere
363 2261 499 2340 quisquam
509 2262 542 2320 ab
554 2264 684 2322 ordinibus
696 2264 755 2329 suis,
776 2283 810 2321 ne

10 2368 27 2411 a
76 2348 206 2407 nudarent
222 2345 334 2422 undique
354 2362 449 2422 corpus
464 2343 497 2402 ad
515 2345 592 2408 istus,
614 2344 753 2402 audebant:
779 2351 808 2405 ὃς

10 2436 29 2487 ἰ
74 2431 184 2490 stantes,
202 2443 254 2502 quo
267 2427 395 2486 dmliores
414 2440 495 2490 erant,
512 2424 564 2482 hoc
580 2424 664 2500 plura,
680 2427 748 2484 velut
765 2428 809 2485 de·

10 2530 30 2571 u
76 2512 205 2569 stinctum
217 2507 368 2583 petentibus,
384 2507 489 2567 vulnere
501 2505 666 2582 accipiebant.
703 2507 810 2578 consid,

16 2614 29 2653 s
72 2592 135 2670 jam
155 2609 202 2669 per
222 2586 248 2644 st
267 2587 369 2647 turbatis
383 2590 403 2647 sr
415 2589 548 2670 legionum
570 2589 642 2667 signa
657 2592 810 2659 ollmdiffct,

10 2702 13 2735 ;
80 2674 195 2732 versuros
213 2667 344 2746 extemplo
360 2672 390 2751 in,
397 2673 488 2751 fugam
502 2689 596 2729 omnes
609 2685 687 2739 ratus,
701 2679 815 2755 receptis·

22 2752 31 2805 l·
82 2755 147 2813 inter
163 2754 265 2811 ordines
280 2750 394 2811 velitibus
411 2755 498 2814 &ula
516 2753 592 2814 turba
601 2753 762 2825 auxiliorum,
780 2780 807 2817 a·

10 2848 29 2891 r·
75 2838 151 2924 ciem
165 2834 310 2916 promovit,

10 2910 31 3044 ζ
435 2922 503 2994 1<5
609 2923 727 3004 xxvn,
742 2912 815 2976 ons
