1740 3300
229 402 261 471 n
280 406 296 470 1
316 402 344 469 B
363 402 390 469 E
410 403 442 469 R
483 400 645 470 xxxvi.
752 420 793 487 77

60 507 131 564 rime
148 501 275 582 disciplina
302 505 395 562 milites
419 497 506 583 quim
521 506 617 563 ducem
645 503 794 563 hihemiisc.

62 585 235 645 Alexandrum
251 586 309 643 inde
328 589 488 645 Acamanem
512 592 541 647 ic
561 588 715 663 Menippum
734 591 795 645 Ma·

61 668 191 727 cednncm
211 672 323 726 Stratum
347 666 449 726 AEtoliae
473 670 561 745 copias
586 668 679 726 ducere
703 668 790 742 judici

57 749 115 827 ipse
129 747 234 824 Delphis
246 748 368 807 sacrificio
389 748 497 824 Apollini
513 751 594 812 faiio,
624 749 794 822 Naupedium

58 829 192 907 peoceffit.
208 828 320 889 concilio
332 830 481 907 'principum
499 831 600 889 AEtoliae
618 828 717 891 habito,
743 830 796 894 vie,

60 930 122 989 qnae
146 922 237 988 prater
258 909 408 969 Chalcidem
434 909 671 987 &Lysimachiam
690 909 741 968 fert
762 911 797 967 cd

60 998 186 1057 sumum,
203 989 264 1056 suis,
281 994 326 1069 qui
340 1011 384 1068 per
399 990 538 1051 Maliacum
551 993 636 1069 finum
650 991 797 1056 veniebant,

26 1086 39 1107 ·
59 1074 184 1135 occurrit.
221 1073 261 1130 Ibi
280 1072 462 1136 Mnesilochus,
484 1075 599 1151 princepe
621 1076 795 1136 Acarnanum,

60 1155 152 1214 multia
161 1170 266 1231 emptus
281 1154 366 1219 donis,
384 1173 439 1212 non
451 1153 503 1230 ipsc
520 1151 603 1212 solim
621 1171 726 1232 gentem
739 1155 797 1230 tegi

60 1233 224 1298 conciliabat,
247 1234 289 1291 sed
309 1235 417 1311 Clytum
440 1236 518 1293 ctiam
541 1250 687 1312 praetorem,
716 1254 796 1309 penca

62 1334 146 1394 quem
157 1330 217 1373 tum
228 1314 331 1373 {limma
349 1317 459 1393 potestas
476 1331 536 1382 nat,
564 1318 591 1373 in
605 1314 675 1374 suam
687 1315 793 1373 senten·

62 1398 128 1456 eiam
141 1396 284 1456 adduxerat.
322 1400 348 1455 is
365 1416 449 1476 quum
464 1399 613 1462 Leucadios,
629 1398 701 1475 quod
716 1401 795 1454 Acar·

61 1479 146 1537 naniae
161 1494 237 1554 caput
254 1481 298 1543 eli,
330 1498 385 1537 non
398 1475 471 1537 facili
483 1481 514 1537 ad
532 1479 705 1538 deieciionem
722 1478 793 1552 polle

61 1574 175 1617 cerneret
194 1559 298 1636 impelli,
315 1574 420 1636 propter
437 1575 539 1618 metum
560 1565 688 1618 Romanae
704 1559 795 1623 claffis,

60 1660 124 1718 quae
142 1657 207 1697 cum
228 1639 313 1704 Atilio,
336 1656 428 1716 quaeve
446 1641 512 1698 circa
523 1639 712 1723 Cephalleniam
733 1655 795 1704 crat,

60 1736 116 1780 erto
128 1739 173 1778 eos
184 1721 222 1779 est
236 1720 373 1799 aggreffuc.
396 1740 459 1778 nam
473 1738 556 1798 quum
571 1723 599 1778 in
615 1720 725 1779 concilio
737 1720 794 1777 dix·

60 1803 126 1866 isset,
146 1803 237 1861 tuenda
252 1803 433 1861 mediterranea
452 1804 598 1860 Acameniae
613 1803 671 1866 eise,
691 1807 718 1861 ht
731 1818 792 1858 om·

61 1882 147 1949 nibus,
167 1884 212 1960 qui
222 1902 296 1940 arma
306 1883 409 1944 forent,
426 1883 573 1940 exeundum
592 1883 624 1940 ad
641 1884 791 1940 Medionem

63 1968 93 2022 δι
107 1963 247 2038 Thyniam,
266 1982 300 2019 ne
318 1961 351 2017 ah
371 1961 503 2018 Antiocho
522 1977 565 2019 aut
580 1961 671 2019 AEtolie
682 1981 794 2037 occupa·

60 2056 177 2106 sentum
201 2041 271 2099 fuere
286 2042 331 2119 qui
349 2041 470 2106 dicerent,
498 2042 561 2099 nihil
576 2044 682 2100 attinere
699 2062 793 2099 omncc

61 2120 226 2183 ,tumultuosi
244 2122 366 2181 concitati
376 2147 385 2181 .·
395 2122 453 2181 iitis
463 2123 512 2181 effe
525 2125 728 2202 quingentorum
738 2110 794 2181 ho·

61 2205 169 2263 minum
189 2205 342 2280 praesidium.
367 2222 425 2261 eam
441 2204 604 2279 juventutem
622 2207 722 2270 naiius,
742 2220 791 2263 tre·

56 2287 141 2345 centis
154 2286 283 2350 Medione,
308 2285 423 2345 ducentia
438 2285 530 2362 Thyrii
542 2288 569 2341 in
590 2287 706 2361 praehdio
724 2287 793 2361 posi·

58 2367 101 2431 tis,
119 2368 144 2424 id
158 2365 257 2443 agebat,
283 2380 313 2425 ut
325 2385 372 2442 pro
391 2365 518 2427 oh'idibos
536 2369 615 2424 futuri
634 2368 751 2426 venirent
764 2368 792 2423 in

57 2449 211 2525 potestatem
221 2448 298 2525 tegis.

101 2530 167 2585 x11.
193 2531 239 2585 Per
257 2526 361 2585 eosdem
384 2528 437 2586 diei
456 2527 536 2607 legati
553 2530 620 2606 regis
639 2530 792 2587 Medionem

57 2619 193 2665 venerunt.
210 2608 304 2683 quibus
316 2609 415 2673 auditis,
435 2629 518 2686 quum
534 2611 560 2665 in
573 2612 708 2674 concione,
718 2611 790 2687 quid·

58 2706 126 2746 nam
144 2687 349 2762 respondendum
369 2691 424 2767 regi
439 2689 509 2753 edet,
536 2688 741 2758 consultaretur,
762 2697 791 2751 iit

58 2770 102 2829 alii
126 2768 285 2825 manendum
304 2770 332 2827 in
349 2774 470 2829 Romana
486 2769 613 2835 societate,
640 2770 681 2830 aiii
694 2791 749 2831 non
763 2792 792 2831 a·

55 2849 227 2928 spernendam
242 2849 383 2907 amicitiam
395 2852 463 2929 regis
473 2850 598 2921 censentit
615 2875 626 2911 z.
642 2855 727 2913 media
738 2853 791 2912 vise

58 2932 96 2989 eil
107 2930 180 3007 Clyti
193 2928 324 2996 sententia,
344 2940 428 3007 eoque
438 2948 542 3010 accepta
555 2936 600 3000 eii,
612 2949 643 2993 ut
656 2936 687 2993 ed
699 2953 791 3013 regem

58 3010 194 3071 mitterent
208 3008 313 3091 legatos,
334 3013 541 3090 peterentqueah
551 3015 807 3079 emntMed'mnme

52 3088 135 3169 svper
156 3108 227 3157 tenta
246 3114 276 3155 ee
295 3093 443 3243 coninitage
458 3098 496 3155 in
515 3094 637 3169 condico
658 3090 825 3216 nemo&

456 3200 479 3261 Ξ
