1740 3300
238 147 450 216 LIBER
493 142 641 213 XXXV.
752 168 787 229 51

60 258 107 317 suli
118 259 162 322 est,
183 270 212 316 ut
225 258 287 314 duas
303 255 416 337 legiones
431 254 528 312 civium
545 256 728 311 Romanorum
745 273 794 310 no

62 360 105 399 vas
117 336 305 398 conscriberet:
328 342 355 397 δι
373 335 473 396 socium
488 354 518 392 ac
534 335 618 393 Latini
630 336 743 392 nominis
755 340 793 393 vi-

59 422 128 501 g'mti
145 420 224 479 millia
241 420 368 495 peditum,
388 423 416 479 dc
431 418 598 495 octingentos
607 417 713 492 equites.
729 437 791 476 eum

59 503 205 561 exercitum
221 502 332 580 pratum
350 500 392 560 cui
407 494 498 557 Bmttii
513 498 648 573 provincia
664 499 793 564 eveniffet.

60 586 236 643 deueverunt.
272 582 349 639 AEdes
362 583 418 641 duae
432 581 493 660 Jovi
505 597 539 636 eo
552 598 622 637 anno
641 581 669 636 in
687 580 794 656 Capito-

59 664 96 723 lio
116 665 237 723 dedicatae
254 661 319 723 sunt.
365 669 478 721 voverat
498 664 530 718 L.
549 662 638 718 Furius
662 663 795 736 Purpureo

60 760 155 823 praetor
176 745 276 805 calice
295 742 362 803 bellu
381 760 472 806 unam,
489 739 593 799 alteram
610 740 706 800 consul.
723 743 795 800 dedi·

61 829 130 888 cavit
149 832 187 905 Q.
203 827 314 886 Marcius
332 822 405 883 Ralla
419 822 551 882 duumvir.
588 824 688 901 Judicia
701 825 728 880 in
741 824 794 882 foe·

60 923 188 969 unarmes
208 927 242 966 eo
261 924 330 966 anno
351 906 433 965 multa
450 902 533 963 severii
546 902 603 961 sunt
616 905 699 969 fallu
717 926 795 964 accu-

59 990 174 1050 santibus
187 992 298 1067 privatos
310 987 422 1046 aedilibus
435 985 572 1049 canalibus,
590 990 630 1043 M.
647 989 749 1045 Tuccio
762 993 792 1047 dc

61 1075 93 1138 P.
106 1074 187 1152 Junio
206 1074 294 1129 Bruto.
310 1069 342 1126 de
356 1069 453 1127 mulcta
467 1070 649 1126 damnatorum
665 1070 794 1147 quadrigae

60 1155 183 1211 inauratae
200 1154 228 1209 in
246 1148 375 1226 Capitolio
393 1150 482 1228 politae
503 1150 530 1206 in
552 1147 611 1207 cella
630 1151 706 1228 Jovis
719 1149 795 1228 sopra

60 1233 195 1311 fastigium
214 1231 334 1299 aedicula,
358 1237 387 1292 lc
406 1231 543 1290 duodecim
565 1228 654 1305 clypea
673 1232 794 1293 inaurata.

62 1319 93 1374 u
104 1316 185 1372 iidem
196 1315 327 1390 porticum
339 1329 410 1371 extra
420 1326 525 1388 portam
535 1312 718 1389 Trigeminam
730 1314 796 1373 inter

61 1392 183 1474 lignarios
197 1394 321 1453 fecerunt.

103 1473 360 1534 XL11.1ntentisin
378 1486 527 1551 apparatum
546 1475 607 1532 noui
625 1471 679 1532 belli
692 1478 793 1534 Roma·

60 1559 113 1623 nis,
129 1576 163 1616 ne
174 1556 208 1615 ab
219 1554 351 1615 Antiocho
364 1554 469 1632 quidem
483 1555 626 1617 eeffabatur.
654 1565 717 1618 Tres
730 1577 794 1617 eum

61 1641 177 1699 civitam
192 1639 332 1702 tenebantr
350 1640 469 1711 Smyrna.
494 1643 523 1697 δι
541 1636 686 1697 Alexandria
705 1642 796 1707 Troas,

63 1725 93 1779 dc
110 1717 276 1795 lampsacus.
295 1735 359 1794 quas
376 1734 460 1792 noque
478 1718 505 1774 vi
522 1734 668 1796 expugnate
687 1718 717 1774 ad
735 1738 794 1779 cam

63 1800 136 1857 diem
155 1812 263 1874 poterat,
290 1814 374 1874 neque
398 1796 585 1858 conditionibus
603 1800 631 1856 in
651 1800 794 1861 amicitiam

61 1880 192 1959 perlicere,
208 1896 290 1955 neque
303 1874 318 1935 d
330 1893 403 1957 tergo
416 1877 553 1957 relinquere
567 1882 692 1958 trajiciens
704 1881 756 1959 ipse
765 1887 794 1944 in

62 1967 197 2038 Europam
209 1958 315 2018 volebat.
354 1962 451 2020 Tenuit
460 1980 522 2019 eum
533 1966 561 2021 dt
572 1962 604 2020 de
615 1963 736 2022 Annibale
749 1967 794 2025 de·

60 2042 185 2101 liberatio.
210 2046 239 2101 dc
259 2036 346 2116 primd
371 2060 447 2100 nares
467 2058 568 2120 apertae,
596 2064 658 2121 quas
678 2065 741 2104 cunt
760 2068 795 2106 eo

60 2125 182 2183 miffurus
198 2123 226 2180 in
247 2120 363 2182 Africam
379 2122 469 2188 fuerat,
490 2141 596 2185 moratae
612 2125 679 2188 sunt.
703 2128 793 2189 deinde

60 2225 96 2265 an
116 2205 228 2263 omnino
242 2204 384 2263 mittendus
398 2205 467 2271 effer,
488 2205 639 2265 consultatio
653 2224 726 2268 mota
742 2213 791 2269 est:

60 2284 180 2345 maximd
190 2282 205 2341 d
216 2284 338 2343 Thoante
350 2285 445 2350 AEtolo,
464 2288 519 2362 qui,
540 2289 663 2347 omnibus
678 2292 706 2354 in
721 2296 795 2349 Grae-

61 2369 103 2426 cia
121 2364 236 2424 tumultu
256 2365 399 2442 completis,
419 2368 611 2425 Demetriadem
630 2368 748 2431 afferebat
766 2375 794 2433 in
832 2378 835 2383 '

60 2448 187 2525 potestate
201 2440 410 2524 crustemium
424 2447 565 2506 mendaciis
575 2448 607 2505 de
618 2468 687 2528 rege,
705 2453 794 2516 multi.

59 2528 182 2604 plicando
198 2524 280 2583 uerbis
294 2528 379 2601 copias
395 2528 461 2601 ejus.
479 2543 589 2586 uernat
606 2532 747 2594 multorum
765 2541 794 2599 in

41 2628 47 2647 ¹
60 2610 163 2669 Graecia
175 2606 287 2670 animos,
299 2606 386 2663 iisdem
399 2612 428 2666 dc
440 2608 505 2686 regis
517 2608 589 2686 spem
600 2612 713 2674 inflabat:
731 2638 792 2679 om.

63 2690 138 2765 nium
150 2692 221 2748 votis
235 2705 297 2745 eum
312 2686 398 2746 arceffi
406 2710 415 2754 ;
437 2690 590 2750 concursum
609 2696 640 2752 ad
653 2696 736 2759 littora
750 2704 793 2761 fu·

64 2782 174 2849 turum,¹
188 2770 257 2828 unde
280 2768 380 2828 class'cm
402 2772 497 2851 regiam
516 2773 702 2852 prosperiss'ent.
742 2786 793 2841 Hic

64 2850 135 2909 idem
146 2850 217 2913 ausus
227 2851 260 2911 dc
273 2851 394 2911 Annibale
404 2854 441 2911 cst
451 2872 556 2915 movere
567 2856 719 2921 sententiam
732 2881 794 2938 pro-

453 2937 516 2995 Ca
765 2953 808 3006 or-
