1740 3300
196 121 406 188 urunt
447 120 641 190 xxxvnr.
729 140 791 213 ηρ

10 264 35 301 ι
66 255 147 315 qnam
166 235 311 314 Cyatidem
319 250 422 299 vocant,
444 237 522 308 (nam
539 233 607 299 urbs,
625 235 653 291 in
668 249 738 290 mare
752 232 797 289 de·

22 348 38 383 ς
68 338 140 385 vexa,
153 321 178 376 in
193 319 353 377 occidentem
374 319 474 396 vergit)
492 336 570 374 muro
582 315 697 393 snperato
710 315 738 372 in
755 314 799 372 fo·

10 398 39 467 ,ξ
68 420 126 459 rum
148 415 327 477 pervenerunt.
371 402 474 464 Samaei,
500 399 668 476 posteaquam
694 409 797 472 captam

10 513 36 549 ι
66 483 134 541 urbis
151 499 253 561 partem
267 481 300 540 ab
313 481 426 541 hostibus
438 479 576 546 sensnunt,
596 499 660 540 cnm
677 477 811 556 conjugi<

10 593 40 632 ,ι
65 563 114 622 bus
128 583 159 621 ac
176 564 258 622 libetis
273 565 301 620 in
315 564 442 637 majorem
458 561 607 642 refugerunt
623 578 720 620 arcem.
739 560 798 618 inde

10 658 40 716 ,t
64 647 169 723 postero
182 646 224 703 die
239 645 326 711 dediti,
342 645 439 721 direpta
450 645 520 710 urbe,
538 642 585 702 snb
595 661 693 703 corona
704 658 801 700 omnes

10 761 38 798 5
65 741 210 787 venierunt.
801 742 803 746 ⁸

10 839 39 880 ,ι
109 813 199 868 XXX.
224 805 320 869 Consul
347 808 500 888 compositis
523 807 596 868 rebus
621 807 799 886 Cephaleniae‚

10 926 39 964 .;
63 891 180 969 praefidin
198 896 282 950 Samae
297 891 431 968 impos1t0‚
451 894 479 949 in
496 890 706 968 Peloponnesum,
727 893 797 968 jam·

10 992 38 1045 rr!
62 975 108 1031 diu
126 972 305 1032 rreeil'entibus
322 972 482 1051 AEgiensrbus
497 971 613 1047 maxime
631 991 662 1032 ac
681 974 799 1032 Laceda-

10 1088 37 1128 „1
63 1056 171 1119 moniis,
191 1054 298 1129 trajecit.
328 1056 438 1134 AEginm
449 1053 464 1112 l
474 1056 600 1130 principio
611 1053 717 1114 Achaici
733 1074 798 1114 enn-

10 1170 35 1210 ,ς
64 1135 116 1194 cilii
126 1135 226 1211 semper
240 1151 381 1195 conventus
394 1138 477 1216 gentis
489 1137 578 1194 indicti
591 1135 663 1203 sunt;
683 1135 726 1195 seu
738 1139 797 1216 dig-

10 1235 33 1291 ,μ
61 1218 138 1277 nitati
160 1217 228 1275 urbia
247 1218 281 1284 id,
304 1217 346 1275 seu
363 1217 414 1277 loci
431 1219 617 1296 opportunitati
638 1219 730 1277 datum
750 1221 798 1280 est.

10 1320 28 1379 3
61 1297 135 1357 hunc
150 1317 255 1358 morem
270 1299 453 1376 Philopoemen
467 1319 500 1356 eo
512 1298 628 1376 primum
643 1320 713 1358 anno
727 1300 795 1369 labe·

10 1400 27 1455 p
60 1381 161 1438 factare
175 1394 292 1446 conatus,
308 1381 394 1459 legem
409 1379 510 1457 parabat
525 1380 596 1446 ferre,
619 1397 648 1438 ut
661 1383 689 1438 in
706 1383 795 1441 orimi-

10 1496 24 1537 ἲ,
60 1462 109 1520 bus
129 1461 274 1522 civitatibus
292 1480 351 1541 quat
368 1463 477 1522 Achaici
492 1461 594 1522 concilii
615 1462 703 1528 essent,
728 1465 795 1521 invi·

10 1580 18 1617 ι
59 1564 121 1604 cem
135 1558 280 1604 conventus
294 1560 437 1623 agerentur.
466 1549 494 1604 δι
508 1544 555 1602 sub
571 1545 712 1604 adventum
729 1565 796 1603 con·

58 1625 121 1685 sulis
134 1629 286 1706 Daminrgis
298 1628 444 1691 civitatum,
466 1627 511 1702 qui
528 1625 649 1684 summus
661 1629 698 1685 est
710 1630 796 1706 magi·

60 1710 164 1770 stratus,
193 1709 301 1786 AEginm
319 1706 493 1771 evocantibus,
511 1707 694 1782 Philopoemen
713 1715 795 1785 (prae-

59 1803 105 1848 tor
115 1801 176 1844 tum
190 1792 258 1862 erat)
272 1791 524 1866 Argos.conventum
537 1789 622 1846 edixit.
644 1787 697 1865 quo
709 1808 794 1866 quum

59 1882 194 1947 appareret
204 1887 296 1928 omnes
310 1869 362 1926 fere
375 1884 559 1935 conventurost
583 1867 670 1929 consul
683 1890 796 1950 quoque,

58 1969 213 2030 quanquam
234 1952 395 2030 AEgiensium
418 1951 517 2011 favebat
533 1953 632 2018 caussae,
651 1957 734 2033 Argos
749 1974 794 2012 ve·

58 2035 115 2093 nit:
136 2033 179 2090 nbi
191 2053 273 2112 quum
290 2033 438 2113 disceptatio
451 2034 542 2102 fuisset,
563 2040 592 2096 δι
612 2054 668 2092 rem
686 2035 794 2095 inclina·

57 2132 116 2176 tam
139 2132 259 2183 ceruum
271 2119 382 2194 ¹incepto
400 2118 512 2176 destitit<
538 2117 729 2178 Lacedaemonii
747 2119 793 2176 de·

57 2199 119 2257 inde
130 2218 192 2257 eum
209 2201 237 2257 in
252 2199 294 2258 sua
308 2201 448 2259 certamina
459 2213 611 2259 averterunt.
635 2192 791 2259 ·Sollicitam

57 2300 119 2338 eam
134 2282 266 2339 civitatem
282 2280 376 2338 exsules
390 2278 506 2338 maxime
516 2279 655 2339 habebant:
672 2299 790 2358 quorum

57 2380 159 2440 magna
176 2379 233 2436 pars
251 2363 279 2421 in
297 2361 434 2420 maritimis
454 2363 588 2421 laconicae
608 2381 660 2420 orae
680 2361 793 2428 castellis,

57 2463 119 2521 quae
130 2443 218 2500 omnis
234 2443 356 2520 adempt'a
371 2457 433 2507 erat,
450 2441 606 2501 babitabant.
623 2444 649 2500 id
663 2461 729 2522 aegre
747 2463 801 2520 pa·.

56 2528 153 2584 tientes
169 2522 367 2590 Lacedaemonii,
384 2536 414 2581 nt
428 2523 538 2602 aliquem
550 2523 659 2584 liberum
673 2525 703 2583 ad
718 2544 789 2587 mare

56 2606 180 2669 haberent
197 2605 308 2671 aditum,
327 2607 350 2663 fi*
366 2606 469 2683 quando
488 2611 615 2673 Romam,
635 2607 721 2678 aliove,
735 2626 790 2686 quo

55 2690 193 2748 mitterent
205 2688 311 2768 legatos,
330 2686 457 2764 simulque
468 2701 498 2747 nt
510 2691 658 2767 emporium
673 2694 703 2751 &
718 2711 787 2751 rece·

52 2769 193 2857 nocuum
210 2772 349 2856 matrinia
369 2768 498 2858 utilit
510 2772 544 2855 ad
565 2773 713 2835 nosnos
728 2774 788 2832 vsu

333 2853 336 2858 .
442 2852 446 2857 .
539 2853 542 2857 .
626 2857 635 2863 ,
714 2856 789 2920 effa,
