1740 3300
91 269 132 331 50
323 244 603 313 nurui!

85 358 183 433 pedites
207 354 301 421 ierunt,
327 356 434 415 trecenti
458 354 564 433 equites.
611 357 756 419 Triumviri
782 362 827 421 de-

86 438 215 495 duxerunt
235 456 289 502 eos,
308 440 344 513 Q
362 438 479 505 Naevius,
498 442 539 496 M.
556 438 693 507 Minutiur,
712 446 755 501 M.
774 446 827 503 Fu·

84 520 137 575 rius
154 518 288 595 Crassipes.
305 520 384 596 quina
398 520 463 577 dena
474 520 567 597 jugera
582 522 639 599 agri
652 523 710 581 data
727 524 754 581 in
771 524 827 583 fin·

86 601 161 677 gulos
179 600 274 677 pedites
286 597 362 658 sunt.-
381 598 475 677 duplex
490 598 627 677 equitibus.
663 606 825 667 Bruttiorum

84 678 204 757 proxime
223 680 304 737 fuerat
322 699 400 759 ager:
423 682 513 739 Bruttii
527 697 645 760 ceperant
663 684 696 743 de
714 687 825 749 Graecie.

84 766 182 821 Romae
194 781 238 838 per
252 762 320 817 idem
337 777 440 839 tempus
451 766 505 820 duo
523 763 634 821 maximi
648 764 752 825 finctum
770 782 824 827 tet·

82 863 167 908 torem
187 842 301 901 diutinus
313 842 381 908 alten
402 843 443 903 sed
456 844 565 922 segnior.
595 852 673 904 Terra
686 848 739 905 dies
752 849 822 909 dnu-

79 924 278 1003 dequadraginta
291 927 385 982 movit.
403 944 448 1001 per
461 926 571 984 totidem
584 926 637 985 dies
647 928 716 987 feriae
726 931 754 985 in
770 930 821 991 sol·

78 1004 209 1065 licitudine
222 1026 253 1063 at
267 1021 340 1063 metu
354 1007 433 1065 fuere.
453 1009 481 1064 in
497 1007 613 1065 triduum
625 1008 683 1083 ejus
695 1010 732 1067 rei
746 1012 821 1071 caus·

80 1085 106 1143 sn
119 1086 267 1164 supplicatio
279 1086 363 1145 habita
373 1090 419 1148 est.
451 1088 496 1146 lise
507 1107 561 1145 non
574 1108 757 1163 panormus,
777 1094 820 1153 sed

79 1186 139 1227 vera
159 1168 303 1226 multorum
318 1167 399 1225 clades
413 1170 472 1229 fuit.
490 1170 609 1229 incendio
622 1170 636 1229 ai
649 1170 709 1230 foro
724 1176 819 1235 Boario

77 1266 146 1312 orto,
167 1251 237 1307 diem
258 1250 417 1325 noctemque
431 1249 535 1308 aedificia
556 1252 584 1307 in
607 1250 722 1310 Tibetim
746 1256 819 1316 versi

76 1330 164 1394 arsere,
182 1329 345 1405 tabernaeque
359 1348 454 1389 omnes
467 1349 530 1389 curn
543 1332 635 1411 magni
651 1336 726 1408 pretii
744 1354 820 1397 mer-

75 1411 149 1469 cibus
161 1412 390 1489 conflagraverunt.

117 1497 190 1553 XLI.
209 1495 270 1572 Jam
290 1492 343 1549 fere
357 1493 385 1549 in
405 1493 475 1551 exitu
494 1511 577 1551 annus
595 1508 662 1553 erat:
681 1498 711 1553 δε
733 1496 818 1561 indice

74 1578 163 1651 magis
183 1574 253 1633 fama
268 1573 300 1629 de
320 1574 441 1633 Antiochi
465 1573 538 1639 bello,
568 1579 595 1634 δι
616 1596 676 1633 cura
696 1578 816 1639 Patribus

74 1655 207 1713 crescebat.
225 1657 309 1730 itaque
328 1655 360 1711 de
375 1656 517 1731 ‚provinciis
536 1657 732 1734 magistratuum
748 1661 814 1721 defi·

71 1752 224 1816 gnatorum,
253 1752 307 1813 quo
323 1734 471 1794 intentiores
489 1736 569 1795 essent
588 1755 688 1803 ornnes,
720 1743 812 1819 agitari

71 1834 194 1895 coeptum
216 1819 261 1876 est.
292 1818 447 1883 Decrevere,
467 1831 497 1876 ut
516 1816 660 1877 consualibus
680 1820 761 1886 Italia,
780 1828 810 1885 δι
855 1866 857 1884 .

71 1899 125 1978 quir
144 1902 244 1959 senatus
259 1896 390 1957 censuisset
414 1900 489 1975 (jam
508 1900 558 1957 eise
577 1898 671 1957 beilum
691 1902 811 1965 adversus

70 1980 231 2039 Antiochum
244 1996 333 2055 regem
353 1997 448 2036 omnes
467 1978 595 2051 sciebant)
610 1983 751 2053 provinciae
770 1984 808 2044 es

69 2064 133 2120 seut.
153 2062 228 2134 cujus
249 2077 279 2114 ea
295 2056 348 2113 sors
364 2058 434 2122 esset,
458 2070 567 2133 quatuor
588 2060 667 2116 millia
685 2065 807 2135 peditum

69 2144 169 2201 civium
183 2146 377 2202 Romanorum,
397 2143 424 2197 &
441 2140 547 2196 trecenti
559 2140 664 2215 equites,
686 2140 728 2199 sex
743 2148 808 2207 mil-

68 2225 101 2284 lia
113 2220 213 2280 sotitim
228 2220 312 2277 Latini
326 2220 442 2276 nominis
454 2239 516 2276 tum
530 2222 720 2299 quadringentis
731 2228 807 2305 equi.

67 2306 136 2365 tibus
144 2301 315 2360 suntdecreta.
336 2298 571 2359 Eorumddeetum
581 2301 804 2384 habereLQin.

66 2390 116 2447 tius
133 2381 221 2443 consul
238 2383 331 2458 juffus:
352 2382 459 2459 nequid
475 2396 627 2447 motaretur,
645 2403 699 2460 quo
713 2390 804 2451 mimu

66 2467 156 2529 consul
168 2485 259 2529 novus,
274 2461 327 2541 qun
336 2462 433 2521 senatus
445 2463 583 2528 censuisset,
596 2464 727 2544 extempio
740 2488 801 2545 pro-

64 2551 143 2610 ficisci
159 2548 248 2624 puiset.
288 2549 356 2603 Item
367 2545 400 2600 de
410 2545 550 2621 provinciis
561 2559 700 2621 praetorum
712 2548 814 2611 ἅπτε..

64 2645 126 2690 tum
146 2632 203 2688 est:
223 2629 307 2706 prima
320 2642 349 2685 ut
366 2625 418 2683 sors
437 2627 503 2691 duae,
523 2626 711 2704 urbanaque&
732 2632 799 2693 inte

63 2718 133 2772 cives
147 2730 177 2767 ac
187 2711 333 2787 peregrinos
345 2706 494 2783 jurisdictio.
507 2707 582 2766 esset:
601 2708 708 2767 secunda
723 2713 798 2779 iimt-

61 2797 104 2855 tii:
126 2793 198 2850 tertia
210 2790 298 2854 clariis,
316 2804 345 2849 ut
358 2784 486 2867 navigaret
506 2787 559 2865 quo
573 2787 672 2847 senatus
685 2792 796 2852 censuisss
851 2800 858 2848 .'

62 2878 114 2935 set:
132 2888 228 2951 quarta,
247 2871 340 2931 Sicilia:
362 2872 458 2947 quinta,
472 2871 592 2927 Sardinia:
611 2870 688 2931 sexta.
702 2872 794 2953 Hispu-

61 2959 104 3015 nia
116 2955 226 3017 ulterior.
265 2956 425 3031 lmpentum
438 2964 555 3027 praeterea
566 2955 598 3010 L.
605 2952 714 3029 Quintio
727 2974 794 3097 effi!-
