1740 3300
5 149 13 217 l

141 141 180 209 32
348 122 619 191 T.LlVll

10 264 13 286 t
133 245 215 293 vetus,
236 248 292 306 quae
306 247 351 305 per
362 227 388 285 se
396 227 448 302 ipsa
456 229 578 288 omnibus
592 228 760 309 compagibus
771 246 869 308 aquam

10 329 11 336 ¹
133 313 267 388 acciperet,
284 308 378 368 divulsa
388 312 436 367 est:
455 313 572 387 captique
584 327 685 375 omnes,
701 314 746 388 qui
761 315 788 369 in
802 332 870 371 nav

133 408 213 451 erant.
241 408 324 453 cetera
342 392 437 457 claffis,
463 395 655 470 praetoriamve
667 394 764 459 armilla,
784 413 855 471 quan

131 488 192 532 rum
204 493 311 552 quoque
322 475 400 532 remis
413 472 500 538 valuit,
521 475 654 554 fugerunt.
670 475 722 552 ipse
733 475 869 553 Philopoe·

133 575 197 613 men
214 559 242 614 in
255 555 304 615 leri
317 554 480 634 speculatoria
492 574 557 614 nave
572 559 655 634 fugit:
679 576 728 614 nec
746 573 805 617 ante
824 556 856 615 fu

133 656 175 716 gat
188 640 277 702 finem,
296 635 376 715 qudm
393 641 477 696 Patras
492 655 601 697 ventum
621 639 661 704 sir,
681 639 753 698 fecit.
791 640 858 698 Ni·

132 738 163 777 ea
175 741 214 779 res
224 723 343 778 animum
355 720 470 778 militaris
485 722 541 784 viri,
561 726 589 781 ὃς
602 720 701 778 multos
713 722 811 797 experti
823 740 856 781 ca

132 803 182 867 sus,
202 803 351 862 imminuit:
371 803 434 881 quin
448 818 547 868 eontra,
566 804 586 862 fi
602 805 627 859 in
643 823 671 860 re
681 803 771 866 navali,
789 803 869 878 cujus

2 881 4 888 ⁴
44 902 47 907 ·
133 884 195 942 essct
214 886 332 964 ignarus,
357 883 509 949 offendisset,
538 884 639 960 euplus
653 885 729 949 inea,
748 903 867 962 quorum

132 965 294 1030 usucalleret,
315 965 475 1044 speinadius,
494 966 570 1026 breve
581 968 869 1046 idtyrannogaudium

33 1041 40 1102 'F
132 1047 333 1106 seeffedturum
346 1048 498 1108 affirmabat.

172 1133 290 1188 xxvu.
317 1131 407 1208 uun,
437 1104 868 1205 communerationem

130 1209 204 1288 spem
216 1213 294 1270 enam
308 1211 375 1270 haur
387 1211 492 1270 rubum
508 1211 600 1269 mnu
613 1209 676 1269 nun
693 1208 778 1286 jamt
798 1214 869 1272 mni

130 1293 235 1371 periculi
246 1293 310 1357 fore,
330 1298 359 1355 δι
375 1296 499 1352 terrestres
512 1294 594 1352 aditus
608 1293 723 1352 claudere
738 1308 868 1372 opportu-

13 1385 42 1433 ssr‘
132 1372 166 1434 nd
177 1374 264 1453 positis
274 1378 392 1455 praelidiis
405 1377 495 1436 voluit.
513 1376 587 1435 tertia
599 1390 671 1453 parte
682 1377 817 1453 copiarum
855 1407 861 1425 ·

130 1458 261 1516 obsidione
280 1459 373 1535 Gythii
393 1459 511 1522 abduco,
536 1459 567 1515 ad
581 1456 658 1515 Pleias
670 1457 756 1535 posuit
777 1460 868 1520 castra.

22 1537 43 1592 ll
131 1541 259 1607 Imminet
271 1541 378 1598 islocus
394 1544 422 1598 δι
435 1540 666 1605 Leucis&Acrist
686 1540 869 1615 quavideban·

15 1647 44 1686 ἰ,
129 1634 172 1679 tur
186 1621 271 1678 hostes
284 1623 424 1679 exercitum
436 1620 574 1680 admoturi.
621 1624 714 1694 Quum
728 1619 764 1676 ibi
776 1622 867 1681 llariva

23 1719 40 1776 u·
70 1694 77 1706 '
127 1704 216 1765 essent,
235 1707 262 1763 dt
274 1705 350 1780 pauci
362 1702 517 1763 tabernacula
529 1699 662 1766 haherentr
683 1699 854 1761 multitudoa

44 1802 45 1840 3
128 1784 160 1843 lia
176 1785 251 1850 casas,
275 1806 309 1843 ex
320 1787 483 1844 arundinibus
496 1799 587 1849 textas,
612 1784 709 1846 fronde,
729 1803 789 1860 quae
801 1803 868 1843 um·

3 1878 45 1914 -·“-
129 1867 204 1925 bram
230 1866 313 1923 modd
334 1867 473 1943 praeberet,
498 1866 632 1931 texiss'ent3
666 1864 813 1942 prinsquam
833 1868 866 1926 in

11 1953 45 2005 l<
128 1948 298 2025 corispettum
312 1947 426 2006 hostium
438 1948 536 2007 veniret
555 1945 746 2023 Philopoemen,
769 1967 818 2008 nec
830 1967 864 2006 o·

34 2071 39 2113 i
125 2032 258 2107 pinantem
273 2049 336 2089 oum
348 2030 491 2106 improviso
501 2047 593 2109 genere
615 2027 672 2086 belli
691 2032 796 2110 aggredi
813 2032 865 2089 ste·

18 2109 21 2116 ’
127 2115 188 2173 tuit.
226 2113 338 2192 Navigia
358 2132 436 2190 parra
455 2115 482 2170 in
508 2112 643 2169 stationem
656 2112 785 2172 occultam
807 2115 866 2193 agri

128 2195 218 2274 Argivi
231 2196 370 2254 contraxitt
390 2196 418 2252 in
432 2214 462 2253 ea
480 2194 611 2271 expeditos
627 2195 730 2260 milites,
752 2210 867 2254 cetrator-

126 2275 267 2355 plerosque,
287 2295 350 2337 cum
364 2277 451 2334 fundis
462 2282 491 2337 δι
504 2276 594 2350 jaculis
606 2281 635 2335 δε
648 2276 697 2334 alio
711 2276 759 2335 levi
767 2294 866 2354 genere

2 2340 40 2415 '³2²'
127 2374 263 2418 armaturae
276 2356 408 2435 imposuit.
431 2358 490 2417 inde
507 2356 592 2417 littora
607 2357 701 2437 legen&
722 2376 806 2435 quum
828 2359 862 2417 “l

41 2840 42 2844 Ἰ
126 2770 148 2827 ti
166 2767 239 2844 prius
257 2768 376 2826 incendio
401 2766 534 2847 absumpti
548 2765 615 2833 sunt,
634 2763 721 2843 quun
742 2764 865 2903 herilung

25 2434 41 2469 ³⁵
125 2442 303 2518 propinquum
320 2442 406 2499 castris
420 2438 534 2498 lrostium
545 2440 758 2516 promontorium
778 2438 861 2497 uenis·

127 2523 173 2587 set,
190 2524 301 2600 egressus
314 2522 415 2580 callibus
426 2523 496 2580 notis
507 2524 586 2580 nodie
602 2520 677 2578 Pleias
685 2522 816 2599 pervenit:
830 2526 860 2581 dt

24 2603 50 2686 ’,ᾖ
127 2604 215 2680 sopitis
227 2602 353 2681 vigilibus,
370 2619 399 2662 ut
413 2605 441 2660 in
457 2604 527 2663 nullo
544 2604 695 2681 propinquo
718 2618 799 2668 meru,
818 2603 860 2680 ig·

31 2697 39 2714 ’·
128 2683 265 2755 nem'cafis
276 2685 307 2741 ab
319 2686 394 2743 omni
409 2700 479 2762 ptrte
492 2687 634 2744 castrorum
646 2685 744 2758 injecit.
785 2682 858 2742 Mul·
