1740 3300
223 434 254 477 ra
274 410 290 477 l
308 407 335 475 B
353 402 432 476 ER
460 405 623 484 XXXVI.
744 409 781 483 81

58 523 207 580 cratonem
221 523 257 579 est
271 518 411 598 potestus.
430 522 551 580 venienti
566 516 702 586 Pharsalus,
719 527 784 580 Sco·

57 603 129 670 tulli,
150 607 179 662 δι
193 601 288 668 Pherae,
309 620 420 680 quaque·
434 604 462 661 iu
481 605 517 661 eis
535 603 645 679 praelidia
663 601 782 661 Antiochi

48 700 133 750 mant,
153 684 286 746 deduntur,
305 684 375 742 exiis
386 685 554 765 intnrogatis,
573 686 619 760 qui
632 702 735 742 manere
746 683 783 740 seb

55 784 118 825 cum
134 765 237 831 vellent,
254 764 324 823 mille
341 765 454 824 volentes
465 766 585 844 Philippo
598 768 685 824 tradit:
716 782 783 823 cete·

53 866 98 905 ros
109 848 219 905 inermes
229 848 420 906 Demetriadem
433 850 552 908 remittit.
588 850 727 906 Proernam
743 848 783 902 in·

55 929 89 987 de
100 931 206 1005 recepit,
223 933 252 988 δι
268 946 327 1006 quae
340 930 407 987 circa
419 946 478 988 eam
493 927 588 989 castclh
606 944 686 988 erant.
725 932 783 986 Du·

55 1028 113 1069 cere
127 1022 187 1068 tum
201 1011 320 1086 porroin
333 1010 419 1067 finum
439 1009 578 1069 Maliacum
598 1011 687 1087 coepit.
728 1014 783 1086 Ap·

52 1093 240 1170 propinquante
259 1091 384 1155 faucibus,
407 1088 481 1167 super
498 1109 565 1169 quos
580 1092 621 1149 sni
636 1089 782 1150 Thaumaci

54 1174 128 1239 funt,
155 1171 251 1231 ‹lestrta
270 1172 359 1230 urbe
350 1187 472 1266 juventus
488 1175 576 1231 omnis
593 1184 689 1235 arniata
709 1173 781 1230 silvas

56 1256 107 1314 δι
99 1256 190 1312 itinera
202 1253 308 1312 insedit:
328 1254 378 1312 δι
371 1270 398 1310 ιιι
411 1271 506 1333 agmen
519 1259 672 1313 Romanum
689 1271 721 1310 ex
738 1252 781 1311 su·

56 1333 197 1429 periuribus
209 1332 271 1392 locis
281 1331 424 1394 incurlhrit
463 1336 560 1394 Consul
574 1334 661 1413 primo
671 1337 781 1397 mittere,

52 1416 100 1553 qui
111 1434 144 1473 ex
149 1433 297 1493 propinquo
309 1415 478 1494 colloquentes
490 1419 641 1476 deterrerent
656 1437 701 1474 eos
716 1416 730 1473 i
743 1432 781 1474 ta·

52 1494 179 1556 lifurore.
199 1499 365 1575 posteaquam
376 1497 555 1574 perseverare'
548 1518 574 1555 ιιι
594 1501 697 1576 incepto
709 1499 782 1560 vidit.

53 1576 160 1635 tribuno
176 1595 240 1635 cum
259 1578 374 1635 duorum
386 1578 520 1656 lignorum
533 1579 654 1637 militibus
668 1581 781 1636 circum-

54 1658 142 1722 miilo,
163 1657 340 1716 interclufitad
355 1657 443 1716 rubeni
460 1660 507 1718 iter
521 1661 633 1724 armatis,
660 1678 782 1719 vacuam·

50 1739 783 1901 tritttzittt’tlttt‘ttbstitutum

53 1903 136 1960 credes
153 1903 221 1959 facta
238 1904 285 1960 est.
326 1906 348 1958 A
368 1903 526 1961 Thaumacis
546 1903 623 1960 altero
636 1906 677 1960 die
693 1903 781 1960 consul

52 1983 86 2040 ad
99 1982 251 2058 Sperchium
266 1999 372 2038 amnem
381 1985 507 2063 peruenit:
527 1983 585 2040 inde
597 1988 781 2060 Hypataeorum

55 2082 132 2142 agros
143 2064 256 2122 vallavit.

93 2147 156 2202 XV
175 2150 266 2218 Quum
279 2143 336 2203 hacc
351 2145 497 2224 agebantur,
523 2147 645 2207 Chalcide
656 2163 708 2207 erat
726 2150 782 2206 Ans

50 2224 169 2286 tiochus:
189 2227 235 2303 qui
248 2226 303 2301 jam
316 2240 375 2284 turn
388 2248 500 2295 cernens,
520 2230 658 2289 nihilseex
670 2234 789 2293 Graecia..

50 2322 141 2387 praeter
150 2327 258 2365 amoena
270 2308 391 2367 Chalcide
401 2309 543 2370 hiberna&
562 2312 671 2369 infames
690 2313 779 2389 nupt-i·

47 2409 87 2454 aa,
109 2388 204 2466 peritii,
225 2388 371 2448 AEtolorum
392 2409 456 2449 vana
475 2394 599 2468 promiffi
616 2390 729 2451 incusare
749 2398 779 2452 δι

48 2468 215 2530 Thoantem}
241 2471 394 2529 Annibalem
410 2471 479 2536 verri,
504 2491 558 2530 non
576 2489 605 2530 ut
623 2473 778 2548 prudentem

49 2547 155 2610 tantinn
177 2552 280 2615 virum,
306 2551 348 2608 sed
369 2571 450 2629 prope
471 2569 557 2611 vatem
579 2556 709 2611 omnium·
723 2572 780 2630 quae

48 2648 111 2692 tum
124 2633 261 2696 evenirent,
283 2633 411 2691 admirari.
427 2653 461 2691 ne
475 2649 566 2692 tamen
584 2650 681 2692 temere
693 2650 789 2710 coepta.

47 2713 159 2789 segnitia
185 2711 284 2787 insuper
310 2728 450 2779 uerteret,
481 2716 602 2772 nuncios
612 2717 641 2771 in
648 2716 790 2775 AEtoliam»

48 2794 147 2859 mittit,
168 2807 198 2850 ut
214 2794 289 2848 omni
303 2796 433 2853 marana
454 2795 591 2869 juventute
607 2796 781 2860 conuenirent.

48 2879 111 2970 Juqr
128 2879 156 2935 &
168 2873 223 2949 ipse
235 2871 268 2929 eh
280 2872 369 2930 decem
384 2872 463 2933 millia
476 2876 543 2934 fere
548 2878 780 2954 periermeniis

51 2957 99 3031 qui
116 2956 200 3031 postea
221 2969 340 3013 uenerant
360 2957 470 3014 exsilia
491 2957 603 3035 expleta,
636 2968 664 3022 ἃ
681 2963 794 3037 equites

50 3034 212 3112 quingentos
220 3037 304 3097 duirit
340 3035 403 3120 Qu
411 3058 502 3118 quum
510 3041 816 3121 ahqmutoqamxe

48 3112 136 3193 quim
150 3138 279 3203 ”liquam
290 3134 371 3185 anm
392 3123 606 3184 cunnentlient
633 3123 676 3174 h}-
689 3105 816 3213 ΨΜ

452 3212 533 3287 ὓς
