1740 3300
277 123 488 217 ornere
529 127 606 198 xn.
748 100 813 228 393

74 230 167 291 'vio-se
188 244 258 292 certo
274 234 404 294 consulatu
419 237 573 311 dejecium5
602 235 702 296 Fulvius
719 252 809 295 contra
847 236 855 255 ¹

73 316 162 389 queri,
180 315 205 372 se
221 316 253 374 ab
268 336 301 375 eo
312 318 411 394 semper
424 319 573 383 laceffirum,
591 327 619 379 δι
638 323 664 376 in
680 319 806 397 probrum

67 394 155 466 “suum
167 397 331 473 sponsionem
344 400 458 465 saslamr
479 416 566 458 tamen
586 402 666 458 ambo
680 401 805 479 fignifica-

69 496 112 541 re,
134 479 154 538 fi
166 477 227 536 alter
242 479 324 544 vellet,
343 480 406 538 seia
419 484 541 557 potestate
554 498 594 540 tot
608 484 754 560 principum
766 484 805 540 ci·

70 559 161 617 vitatis
179 558 291 619 futuros.
325 561 456 621 Omnibus
470 564 619 623 instantibus
634 565 679 640 qui
692 563 804 624 adeant.

68 639 189 698 dexteras
203 642 333 719 fidemque
342 644 439 706 dedere,
458 647 561 704 mittere
572 643 631 704 vere
641 665 671 703 ac
686 645 759 702 finire
773 663 804 700 o-

68 722 159 781 dium.
211 725 318 788 Deinde,
347 723 544 801 collaudantibus
563 727 672 792 cuneis,
701 726 804 784 deduffl

68 801 179 871 suntin
199 804 365 880 Capitolium.
389 810 417 865 δε
437 825 496 864 cura
516 806 587 884 super
607 806 649 866 tali
666 826 694 864 re
703 808 804 886 princi·

68 898 151 962 pum,
173 884 318 945 &facilitas
330 886 464 946 censorum
478 889 578 968 egregie
591 889 802 966 comprobntaab

64 965 172 1035 ‚senam
197 970 225 1024 δε
243 966 340 1026 laudata
356 972 402 1027 est.
440 970 593 1028 censoribus
608 971 698 1028 deinde
713 971 802 1048 postu·

66 1046 191 1112 lantibus,
205 1061 235 1106 ut
246 1051 361 1124 pecuniae
372 1052 474 1109 summa
486 1049 539 1115 srbi,
552 1071 602 1129 qua
613 1053 640 1109 in
648 1070 725 1128 opera
735 1048 803 1129 pub-

66 1127 121 1193 lica
136 1143 274 1269 utererptur,
290 1131 480 1198 attribuercmrr
506 1133 615 1214 vestigal
626 1153 741 1193 annuum
757 1133 802 1212 dc?

69 1225 206 1269 mame
230 1255 237 1270 .

63 1340 68 1347 .
113 1295 225 1350 XLVII.
240 1294 340 1353 Eodem
355 1313 424 1371 anno
438 1295 465 1350 in
479 1295 598 1372 Hispania
611 1301 643 1354 L.
653 1297 802 1355 Postumius

69 1378 102 1435 δε
120 1375 165 1439 Ti
178 1378 344 1450 Sempronius
356 1390 521 1450 propraetores
539 1395 751 1451 comparaverunt
766 1380 801 1434 ita

69 1458 139 1513 inter
156 1453 191 1531 se.
209 1471 239 1513 ut
255 1458 281 1512 in
301 1463 423 1513 Vaccaeos
444 1474 488 1534 per
505 1459 659 1516 Lusitaniam
673 1461 719 1514 iret
732 1456 803 1514 Albi·

63 1556 132 1598 nus,
152 1537 209 1594 inde
223 1535 250 1593 in
268 1537 430 1597 Celtiberiam
446 1554 617 1597 reverteretur.
658 1537 800 1604 Gracchus,

69 1616 142 1696 qubd
158 1618 243 1693 majus
257 1618 292 1675 ibi
308 1620 401 1677 bellum
419 1621 488 1683 esset,
506 1621 533 1676 in
552 1621 641 1679 ultima
658 1619 800 1677 Celtiberiae

68 1701 219 1788 penetravit.
266 1702 395 1759 Mundam
415 1700 506 1757 urbem
528 1695 644 1777 primlrm
671 1702 698 1757 vi
722 1696 800 1777 cepis,

69 1783 152 1839 noste
167 1789 198 1838 e'x
208 1782 359 1857 'improviso
371 1782 508 1860 aggressus.
525 1784 634 1858 acceptis
647 1780 737 1839 deinde
750 1781 799 1839 ob·

61 1861 175 1926 sudibus,
193 1863 357 1940 praesidioque
374 1863 507 1939 impolito,
530 1863 626 1922 castella
641 1881 800 1941 oppugnare,

63 1962 148 2023 agros
171 1963 251 2009 urere,
275 1945 357 2002 donec
379 1946 410 2001 ad
429 1942 589 2020 praevalidam
611 1944 685 2002 aliam
705 1943 797 2003 urbem

62 2025 233 2098 (Certiorem
244 2024 366 2101 appellant
375 2023 508 2098 Celtiberi)
520 2026 643 2103 pervenit.
664 2026 797 2102 ubiquum
811 2062 815 2069 .

61 2150 66 2181 2
69 2108 131 2183 jam
149 2124 226 2182 opera
245 2107 403 2170 admoveret,
430 2108 535 2184 veniunt
551 2107 627 2187 legati
643 2128 675 2166 ex
692 2106 808 2184 oppido‚‹

58 2206 184 2266 .quornnr
200 2186 411 2265 secmoantiquae
425 2188 589 2265 firnplicitaris
602 2186 660 2269 fuit,
681 2207 736 2245 non
748 2184 816 2245 dis-2

58 2267 247 2347 ¹srmulantium
265 2267 407 2333 bellaturos,
425 2268 524 2326 fivires
544 2269 631 2331 essent.
670 2271 813 2329 Petierunt·

70 2352 153 2416 enim,
171 2364 202 2409 nt
221 2349 267 2408 srbi
283 2350 311 2408 in
327 2352 405 2408 castra
419 2349 749 2409 Celtiberorum-bellebec
764 2351 815 2408 ad·

69 2432 163 2492 auxilia
178 2432 331 2510 accipienda.
347 2433 367 2490 s1
382 2449 435 2487 non
450 2422 637 2506 impetrlffenn
648 2447 707 2490 tum
727 2432 801 2511 sepas·

67 2515 147 2573 ratim
158 2531 203 2571 eos
213 2514 245 2571 ab
257 2513 304 2571 illis
317 2512 342 2570 se
359 2510 524 2570 consulturos.
541 2514 704 2589 permittente
713 2519 796 2575 Grac-

55 2595 125 2659 ,cho
136 2597 229 2660 inunt,
247 2595 345 2672 &tpost
357 2594 445 2671 paucis
455 2592 542 2651 diebus
552 2593 618 2652 alios
624 2594 796 2678 decemlega·

69 2692 113 2735 tos
126 2675 215 2735 &nm
228 2675 392 2733 adduxerunt.
431 2675 721 2754 Meridianumtempus
736 2677 797 2739 erac.

69 2755 214 2833 nihilprios
223 2757 349 2833 pecierunt
360 2753 375 2815 ai
388 2770 503 2835 praetorer
523 2755 601 2834 quim
615 2775 644 2816 ut
657 2759 739 2818 bibere
751 2762 797 2817 srbi

69 2835 171 2920 juberet
188 2837 251 2900 desi.
288 2837 378 2916 Epotit
396 2837 487 2917 primis
506 2838 614 2919 poeuis,
632 2841 725 2915 iterum
742 2860 796 2918 po·

103 2915 117 2920 ”
343 2954 349 2974 t
425 2922 462 3001 li*
473 2937 510 2997 5‘
645 2920 806 3000 posceruncu
