1740 3300
79 119 139 199 156
274 116 572 185 mutuli

76 234 144 298 tatist
165 232 235 291 velut
247 233 275 290 in
287 249 377 312 parata
391 235 484 299 littora,
508 232 578 291 nullo
595 228 763 309 prohibente,
783 249 810 290 a·

77 314 114 370 liis
126 314 175 374 atio
187 314 275 374 delatis
288 316 403 381 navibtrs,
424 319 478 373 stne
493 314 608 373 tumultu
619 316 755 391 trajecere.
777 318 812 374 tu

76 393 138 453 vero
158 418 199 456 res
218 400 345 455 Romanis
363 399 434 455 auxit
451 380 565 462 immor,
588 396 747 455 oonceisum
766 396 811 453 fibi

75 479 180 537 transrre
195 479 355 559 currentibus
368 480 395 535 in
410 479 510 537 Afitm:
535 497 616 557 quam
636 496 698 535 rem
719 476 811 557 mngrn'

76 562 223 619 certaminis
236 559 349 617 futuram
361 561 524 620 crediderunt.
561 561 659 619 Statim
669 559 769 617 deinde
781 558 811 617 td

76 642 265 719 Hellespontum
274 639 426 717 aliquamdiu
438 634 589 699 habueruut:
612 641 676 717 quie
684 641 745 699 dies
757 639 811 697 fm-

75 718 110 785 td‚
130 722 222 799 quibus
232 720 324 780 ancilia
337 738 485 788 moventur,
505 721 614 800 religiofi
627 722 659 779 ad
670 724 728 780 iter
748 721 811 781 inei·

73 802 169 862 derant.
184 803 264 861 iidem
278 803 331 863 dies
345 808 373 865 P.
382 807 528 883 Scipionem
540 805 663 880 propiore
678 805 812 863 etiamtu-

72 880 176 960 ligio'ne,
208 887 269 962 quia
285 884 364 944 salius
381 905 443 955 erat,
465 887 640 961 disjunxerant
658 886 696 942 nb
714 886 810 945 exerti·

73 978 117 1021 tu:
137 967 271 1045 caudaque
279 970 307 1027 dt
319 968 341 1025 ir
352 967 404 1045 ipse
417 987 499 1028 morae
505 981 567 1031 etet,
583 966 649 1024 dum
662 968 810 1047 consequ-

70 1060 146 1106 retur.

114 1132 246 1188 XXXIV.
263 1132 310 1185 Per
320 1148 365 1186 eos
376 1129 445 1189 forte
454 1129 608 1207 dieslegarur
620 1128 655 1186 ab
669 1129 811 1193 Antiocho

69 1211 97 1267 in
114 1213 191 1267 castra
203 1222 315 1273 venerat,
332 1212 467 1286 Byzantius
478 1209 628 1271 Heraclides,
645 1209 681 1264 de
689 1210 809 1287 pacui·

58 1293 153 1350 fferens
165 1292 296 1353 mandarat
317 1310 397 1369 quarn
410 1290 593 1369 impetrabilem
605 1288 662 1347 fore
670 1310 808 1373 magnam

71 1374 180 1452 eispem
196 1373 280 1432 attulit
297 1390 372 1430 mora
392 1378 419 1433 &
442 1373 573 1447 condutio
595 1373 806 1435 Romanorum:

71 1475 146 1531 quos,
163 1455 239 1513 fimul
247 1455 331 1511 Afiam
342 1454 487 1532 attigissent,
506 1450 588 1511 effuso
599 1454 715 1531 agmine
725 1458 760 1515 ed
767 1476 807 1517 α-

70 1538 119 1593 stra
138 1536 205 1614 regia
225 1536 306 1593 ituros
328 1536 473 1594 crediderat.
519 1534 612 1593 Statuit
632 1549 730 1595 tamen
748 1556 804 1597 uon

71 1614 137 1695 pritls
153 1620 218 1674 adire
231 1614 371 1681 consulem,
392 1616 472 1695 quim
485 1621 511 1674 Ρ.
523 1617 689 1690 Scipionem:
722 1623 750 1678 ἃ
767 1619 802 1677 itt

71 1702 223 1758 mandatum
244 1699 275 1756 ab
294 1717 430 1776 tegerint.
460 1701 485 1757 in
507 1718 539 1756 eo
557 1699 706 1755 maximam
729 1699 800 1777 spem

69 1780 181 1845 habebar,
203 1798 368 1857 praeterquam
382 1780 449 1857 qudd
463 1786 490 1840 dr
504 1781 656 1857 magnitudo
670 1783 756 1837 animi
773 1784 801 1840 dt

67 1860 163 1919 satietas
181 1862 268 1935 gloriae
290 1861 436 1933 placabilem
457 1881 518 1918 eum
543 1860 659 1919 maxim&
681 1861 800 1920 faciebat.

68 1958 213 2014 notumque
227 1954 279 1995 erat
291 1942 419 2014 gentibus,
441 1943 486 2018 qui
507 1943 590 1999 vidior
605 1942 645 2000 ille
660 1943 689 1999 in
710 1944 799 2021 Hispe-

67 2023 117 2083 nia,
136 2023 181 2096 qui
195 2021 284 2077 deinde
296 2021 323 2076 in
339 2021 423 2079 Aliica
436 2022 531 2081 fuiffitt:
551 2024 629 2083 etiam
644 2023 721 2101 quod
732 2026 798 2083 filiun
841 2087 844 2101 Ι

64 2103 121 2175 ejus
134 2118 222 2179 captus
232 2103 261 2157 in
274 2106 397 2177 potestate
409 2105 474 2182 regis
486 2121 545 2161 erat.
584 2108 609 2162 Is
620 2107 664 2163 ubi
675 2111 706 2165 δι
716 2125 797 2185 quan·

65 2184 101 2240 do
115 2188 142 2244 δι
159 2203 212 2262 quo
223 2183 282 2242 casu
296 2199 384 2260 captus
397 2188 435 2245 fit.
457 2186 521 2243 ficut
534 2186 654 2263 pleraque
664 2188 724 2253 alia,
749 2208 794 2264 pt·

66 2285 124 2323 rum
141 2269 206 2325 inter
228 2267 344 2324 rudiores
366 2271 471 2326 constat.
497 2267 536 2324 alii
557 2272 686 2345 principio
707 2266 795 2329 helil

64 2348 185 2408 Chalcide
198 2355 297 2408 Oreum
313 2365 441 2425 petentem
454 2349 661 2408 circumventum
675 2351 709 2410 ab
719 2352 795 2431 regiis

65 2434 171 2492 navibus
185 2433 299 2491 tradunt:
319 2432 369 2495 alii,
387 2434 550 2507 posteaquam
567 2433 704 2491 tranfiturn
719 2437 747 2491 ln
760 2438 795 2493 Α·.

63 2511 127 2569 sirm
143 2517 187 2577 est,
207 2532 271 2571 cum
290 2526 377 2571 turma
392 2511 531 2590 Fregellana
548 2513 656 2572 milium
677 2516 794 2593 explora-

64 2603 123 2648 tum
135 2596 165 2651 ad
180 2596 346 2672 tegumina,
364 2594 446 2652 effuso
457 2594 559 2652 obviam
574 2597 688 2672 equitatu
705 2616 790 2673 quum

63 2674 184 2747 reciperer
198 2675 255 2739 sele,
277 2677 303 2732 in
325 2696 357 2731 eo
374 2676 489 2734 tumultu
502 2675 630 2751 delapsum
641 2698 713 2754 equo
725 2699 790 2738 eum

62 2752 161 2811 duobus
175 2754 300 2829 equitibus
312 2761 468 2833 oppressirm,
497 2759 530 2816 ita
548 2759 577 2813 ad
601 2778 691 2836 regem
711 2761 793 2819 dedu·

62 2833 138 2904 etun
151 2834 208 2892 effe.
246 2834 309 2894 Illud
322 2838 381 2902 satis
393 2842 499 2907 conflat,
520 2840 600 2918 srptx
626 2860 688 2902 cum
699 2862 789 2925 popu·

8 3102 159 3208 “x
