1740 3300
89 443 302 511 tinnit
342 407 505 511 xxxvi.
617 462 660 527 75

28 558 134 619 instituit
146 581 153 617 ι
172 572 242 617 tatus
253 557 293 617 vel
306 576 400 618 tenore
410 574 551 617 oetetatum
563 578 662 637 expug-

28 660 58 708 n,
80 640 120 698 vel
134 640 258 698 beneficio
270 642 376 718 ptaelidii
390 642 495 704 dimilst,
522 640 562 696 vel
574 658 663 697 exem·

41 722 177 781 civitatum
187 722 335 779 dedentium
348 722 406 785 sese,
426 742 480 779 nnn
493 721 557 779 ultra
569 722 594 776 in
606 740 664 795 per·

46 802 187 861 mansuros.
226 802 370 880 Elephantis
389 804 433 881 agi
448 820 506 860 ante
529 804 601 878 ligna
614 818 665 859 tet·

28 886 93 943 luffa
109 884 190 959 julias,
208 888 331 962 quadrato
349 887 455 963 agmine
476 884 506 941 ad
521 883 612 941 urbem
627 884 666 939 io·

48 978 80 1025 ut
93 968 181 1023 incerti
193 967 377 1024 fludluatentut
390 966 469 1023 animi
488 983 591 1043 magnae
609 982 667 1039 pat·

29 1046 160 1119 ilsaeoium
181 1048 246 1105 inter
268 1062 371 1104 metum
388 1046 667 1123 pastinum-notitam

29 1130 156 1189 acutuiiam
171 1129 314 1188 absentium
325 1127 466 1186 sociorum.
504 1130 552 1185 Pet
563 1125 667 1185 eosdem

29 1211 169 1287 mynandet
190 1228 255 1269 cum
275 1209 452 1269 Athamanum
471 1210 606 1283 juventute
622 1227 669 1265 oc·

32 1292 197 1349 Pellinaeum:
220 1296 249 1350 aa
268 1292 414 1368 Menippus,
432 1310 496 1349 cuin
516 1289 595 1347 tribus
611 1288 671 1347 mil·

29 1370 140 1448 peditum
162 1372 307 1431 AEtolorum
322 1378 349 1433 δι
370 1373 485 1431 duoetttis
498 1371 625 1448 equitibus
643 1371 670 1428 iu

29 1452 92 1511 liam
106 1452 245 1529 profectus,
267 1452 397 1512 Malloeam
416 1458 444 1512 δι
458 1454 573 1529 Cyretias
584 1453 610 1509 ai
629 1472 673 1510 ce·

29 1534 220 1611 apopulatusque
236 1537 272 1592 est
285 1554 378 1613 agrum
393 1534 594 1608 Tripolitanum.
625 1535 673 1592 His

29 1632 39 1671 t
53 1616 171 1691 potastis,
183 1615 305 1673 Latiffatn
317 1616 349 1671 ad
360 1632 452 1691 regem
467 1614 591 1670 redeunt:
610 1632 675 1672 ton·

29 1694 52 1759 ι’,
67 1695 190 1773 quidnam
205 1695 334 1773 agendum
346 1694 408 1753 effet
420 1694 453 1751 de
463 1694 565 1757 Larissa.
583 1691 677 1771 ssipen·

29 1790 76 1835 tut.
117 1776 157 1833 lbi
175 1777 202 1835 in
222 1775 350 1835 diversum
364 1775 493 1835 sententiat
515 1774 673 1835 tendebant:

29 1858 76 1917 tim
93 1857 275 1923 adhibendam,
300 1862 330 1918 ἃ
351 1875 406 1913 non
426 1854 596 1915 differendum
616 1860 677 1915 oen·

29 1958 67 2003 ιιι,
89 1939 153 2015 quin
163 1937 283 2013 opettltut
294 1957 325 1996 ac
338 1937 465 1994 machinis
476 1935 552 1994 timul
566 1936 678 2014 undique

29 2018 263 2097 iaaggtedetentut
278 2016 348 2075 urbia
365 2018 415 2075 sttae
434 2019 460 2075 iu
476 2016 564 2095 plano,
582 2014 680 2096 lpatte

29 2100 87 2157 ostri
104 2100 216 2177 undique
233 2098 313 2157 facilia
330 2098 421 2158 aditu:
445 2098 507 2166 aliit,
525 2117 596 2158 nunc
615 2102 680 2159 viret

46 2198 208 2259 nequaquam
223 2179 308 2238 Pheris
322 2180 492 2246 coniciendae,
510 2185 681 2241 memoranti-

40 2280 111 2321 nunc
132 2262 246 2320 hiemem
265 2268 294 2322 δι
312 2276 417 2341 tempus
434 2264 494 2321 anni
513 2262 575 2322 nulli
587 2263 682 2323 bellicae

29 2340 126 2403 ninimd
144 2344 269 2403 obsidioni
287 2358 364 2421 atque
376 2346 565 2424 oppugnationi
576 2346 681 2404 urbium

30 2444 52 2484 a.
92 2428 196 2484 Incerto
206 2427 261 2503 regi
272 2425 339 2482 inter
349 2425 421 2503 spem
437 2440 592 2503 metumque
607 2427 684 2505 legati

30 2505 112 2570 atsalo,
140 2507 185 2582 qui
207 2508 238 2563 nd
252 2506 393 2565 dedendam
411 2506 501 2564 urbem
524 2506 598 2564 suam
618 2504 687 2565 fond

30 2598 86 2651 ant,
112 2588 216 2645 animoa
237 2599 371 2646 auxerunt.
410 2591 450 2646 M.
464 2587 564 2644 Baebius
581 2587 686 2645 iuterim

37 2666 154 2745 Philippo
164 2668 193 2724 in
205 2666 347 2725 Dall'anetiis
360 2666 516 2743 congtess'os,
545 2669 592 2742 Ap.
607 2666 687 2726 Clau·

30 2796 32 2805 i
49 2766 83 2805 ex
95 2748 233 2805 communi
255 2746 362 2805 confilio
382 2748 414 2805 ad
430 2746 572 2823 ptaetidium
588 2748 688 2809 Lttiffae

43 2852 50 2887 ε
78 2830 123 2906 qui
144 2845 189 2905 pet
201 2828 380 2885 Maeedoniatn
401 2828 503 2907 magnit
520 2830 649 2889 itinenun
661 2834 689 2888 in

30 2930 55 2969 m
68 2910 215 2973 montium,
232 2908 302 2985 quod
323 2907 395 2986 supet
410 2912 522 2968 Gonnos
538 2912 585 2978 eil,
600 2930 692 2991 peve-

54 2991 191 3069 Oppidum
212 2990 303 3049 Gonni
326 2992 418 3070 viginti
440 2990 523 3049 millia
546 2993 584 3047 nh
597 2992 711 3048 hi&

30 3095 53 3129 :.·
71 3074 97 3131 in
111 3073 170 3150 ipsis
182 3071 302 3131 faucibus
316 3071 406 3140 saltus,
429 3090 496 3149 quat
503 3076 627 3137 'temet
638 3054 731 3126 ‘W‘

30 3174 50 3220 n
68 3154 160 3221 dtum.
202 3157 245 3219 lbi
257 3157 346 3219 canta
359 3144 585 3219 metatum&
594 3132 731 3248 ῢιὼῖἒ,

319 3254 333 3294 ι
