1740 3300
212 386 420 456 blBER
461 384 624 453 XXXVI.
744 388 785 460 67

52 496 89 567 όν
103 494 197 554 tribuni
205 497 315 553 militum
328 496 423 569 legionis
432 497 514 569 prima
528 494 562 563 ά·
576 493 660 555 tertio,
680 489 722 549 uel
733 511 787 547 om·

50 596 92 633 nes
105 577 273 654 Bemdufium
287 576 366 633 idibus
383 578 460 656 ilajis
479 576 643 631 convenirent.
663 572 715 648 ipse
730 586 789 629 ante

50 658 121 716 dion
134 661 259 736 quintum
272 662 363 716 Nonas
378 657 461 731 Mojaa
478 655 611 733 paludatus
630 652 692 710 urbe
704 652 787 732 egres·

48 738 89 797 fir
102 742 149 799 eii.

91 824 139 879 lv.
165 824 213 878 Per
228 818 329 877 eofflem
349 819 401 876 dies
422 821 450 877 δι
467 831 589 894 praetores
602 817 630 873 in
644 816 789 890 provinciae

49 900 163 979 profeffl
176 900 244 960 suot.
254 949 276 987 .
285 900 338 959 Sub
351 901 420 957 idem
436 914 538 975 tempus
549 897 625 977 legati
636 896 669 953 ab
685 896 789 955 duobua

49 982 162 1061 regibus,
181 982 298 1058 Philippo
315 986 343 1040 δι
360 979 501 1039 Ptolemaeo
522 982 629 1057 AEgypti
638 997 706 1055 rege,
728 983 787 1035 Ro·

50 1083 128 1122 mam
148 1080 296 1128 venerunt3
315 1061 461 1138 pollicentes
475 1062 507 1118 ad
523 1059 617 1117 bellurn
637 1060 735 1123 auxilia,
756 1064 785 1119 δι

49 1146 199 1222 pecuniam,
224 1150 252 1203 δι
277 1147 450 1201 frumentum.
482 1141 515 1198 ab
539 1140 680 1199 Ptolemaeo
705 1141 784 1197 enam

50 1226 122 1283 mille
133 1225 223 1301 pondo
236 1225 299 1289 auri,
317 1224 410 1302 viginti
430 1221 507 1280 millia
520 1222 609 1299 pondo
620 1223 718 1301 argenti
727 1220 787 1279 alla·

50 1319 88 1365 ta.
129 1304 275 1380 Nihilque
292 1320 438 1382 acceptum.
475 1307 570 1363 Gratiae
588 1304 689 1381 regibus
712 1304 787 1361 ahiae.

52 1391 80 1445 δι
99 1405 183 1463 quum
199 1402 304 1463 uterque
317 1386 342 1443 se
360 1404 424 1445 cum
437 1387 560 1443 omnibus
574 1386 654 1462 copiis
666 1387 694 1442 in
711 1388 787 1442 AEto·

50 1466 112 1524 lium
124 1484 271 1531 venturum,
292 1467 405 1544 boloque
416 1466 599 1523 interfuturum
610 1465 787 1539 pollinctorum

51 1546 195 1605 Ptolemaeo
212 1549 238 1605 id
259 1548 401 1605 remissurn.
448 1546 557 1622 Philippi
575 1547 664 1625 legatis
684 1544 788 1622 respon·

50 1626 135 1694 sunu
162 1643 268 1706 gratum
293 1647 357 1687 eum
373 1626 471 1685 senatui
492 1625 640 1705 populoque
660 1631 786 1709 Romano

50 1708 194 1775 fastorum,
220 1711 241 1768 ri
267 1709 359 1770 Manio
385 1707 468 1767 Acilio
492 1708 590 1769 consuli
614 1727 670 1767 non
692 1707 788 1766 denir:

50 1788 96 1849 set.
136 1794 204 1849 item
227 1791 259 1850 ab
279 1789 526 1871 Carthaginiensibus
548 1794 576 1850 δι
597 1789 725 1848 Mafiniffi
743 1806 785 1846 re*

52 1888 87 1947 ge
105 1869 181 1951 iegati
201 1890 334 1931 vennone.
381 1870 601 1947 Carthaginienses
622 1870 699 1930 tritici
723 1888 785 1926 mo·

51 1949 126 2009 dium
151 1950 229 2015 mille,
262 1950 350 2010 hordei
374 1951 517 2028 quingenta
540 1950 618 2008 millo
636 1950 667 2009 od
693 1951 788 2009 exerci-

51 2048 122 2097 tum,
158 2032 296 2091 dimidium
318 2033 375 2115 equ
396 2036 511 2090 Romam
533 2047 709 2112 apportaturos
729 2031 788 2109 pol·

50 2111 112 2172 liciti
132 2112 204 2174 suot:
235 2115 260 2171 id
281 2131 310 2174 ut
334 2115 365 2173 ab
386 2113 411 2172 se
434 2134 530 2173 munus
550 2117 666 2173 Romani
686 2117 786 2190 accipe·

47 2208 114 2257 rent,
138 2213 222 2272 petere
243 2195 276 2255 se.
307 2203 334 2256 &
357 2195 458 2254 elaffrm
481 2197 587 2255 suorum
608 2196 654 2255 suo
677 2195 783 2273 sumptu

48 2295 250 2353 comparatum,
277 2284 304 2338 δι
324 2279 485 2355 stipendium,
505 2280 574 2355 qood
591 2278 703 2357 pluribus
718 2296 784 2353 pen·

48 2358 160 2419 fioribus
174 2362 202 2416 in
218 2360 313 2417 multos
329 2379 409 2417 annos
425 2360 554 2424 deberent,
580 2359 688 2434 proesens
703 2376 786 2416 omne

47 2439 161 2499 daturos.
212 2441 343 2499 Maiiuiffa·
362 2440 446 2518 legari,
465 2443 605 2517 quingenta
627 2440 706 2497 millia
722 2456 785 2496 mo·

47 2519 122 2578 diurn
137 2520 222 2583 tritici,
236 2535 348 2579 trecenta
362 2520 449 2579 hordei
460 2523 490 2577 ad
501 2523 642 2579 exercitum
664 2523 691 2577 in
709 2524 784 2577 Grae-

47 2603 132 2661 clame
151 2604 267 2656 Romam
283 2613 395 2659 trecenta
409 2599 488 2657 millia
503 2601 623 2657 modiiim
636 2602 721 2663 tritici,
736 2602 793 2660 du-‚

47 2696 121 2739 centa
142 2681 325 2757 quinquaginta
342 2680 439 2743 hordei,
457 2683 554 2755 equites
571 2684 735 2757 quingentos,
758 2702 785 2741 e·

45 2760 180 2839 lephantos
193 2761 284 2839 uiginti
302 2779 392 2840 regem
411 2762 442 2818 ad
459 2764 577 2821 Manium
589 2756 702 2819 Acilium
719 2782 782 2823 con·

46 2842 124 2901 solem
148 2842 297 2902 miffurum.
334 2847 375 2900 De
398 2839 532 2901 frumento
551 2842 660 2921 utrisque
678 2845 783 2923 respon·

47 2920 122 2981 sum:
138 2924 174 2983 ita
190 2925 296 2984 usurum
315 2942 348 2982 eo
366 2924 492 3001 populum
507 2930 670 2989 Romanum,
692 2928 711 2983 fi
723 2946 782 3003 prn-

47 3004 117 3075 oum
136 3006 285 3085 acciperent.
324 3010 366 3067 oe
384 3005 457 3067 cuno
474 3006 721 3091 mogontinus
741 3024 783 3061 κ.

669 3086 783 3144 miffurn
