1740 3300
236 150 642 223 nrssunxxxv.
784 184 799 236 r

103 268 153 324 tv.
170 268 264 342 Quum
280 262 376 322 bellurn
395 261 562 341 Ligustinum
577 262 608 320 ad
628 260 696 321 Pisas
711 264 810 322 consti·

63 346 139 414 risset,
158 346 245 407 consul
259 345 319 405 aster
340 351 371 405 L.
387 343 524 402 Cornelius
542 344 642 403 Merula
662 364 706 421 per
724 359 809 406 extre·

61 448 125 487 mos
141 431 272 510 Ligurum
290 430 355 488 finer
367 429 510 487 exercitum
527 427 555 501 in
572 446 667 508 agrum
680 430 809 504 bojorum

62 511 180 572 induxit:
199 512 244 570 ubi
256 509 335 591 longe
350 510 397 569 alia
413 508 471 568 belli
488 510 565 575 ratio,
582 508 664 589 quim
684 530 748 570 tum
763 512 810 571 Li·

64 593 172 673 guribus
184 609 247 654 erat.
287 591 386 652 Consul
401 593 429 650 in
443 593 527 653 aciem
540 592 639 653 exibat:
661 591 747 652 hostes
761 612 811 670 pu·

64 695 147 756 gnam
166 675 358 737 detrectabant:
382 676 589 754 praedatumque,
610 674 655 735 ubi
669 694 751 734 nemo
765 674 814 732 ob·

65 761 138 818 viam
150 760 239 825 exiret,
257 756 430 818 discurrebant
445 760 578 824 Romania
597 757 656 833 Boii
675 759 750 835 diripi
768 757 813 819 sua

65 840 186 918 impune,
206 838 288 920 quiam
302 840 399 900 tuendo
412 859 441 898 ea
456 839 586 899 conserere
596 853 736 905 certamen,
753 861 814 901 ma-

65 921 160 984 lebant.
200 924 371 1001 Posteaquam
392 923 484 981 omnia
502 920 571 981 ferro
588 924 694 1005 ignique
713 923 772 983 satis
786 943 815 983 e·

66 1007 163 1068 nasuta
179 1019 259 1070 erano
279 1004 369 1064 oonsui
386 1023 450 1085 agro
468 1003 585 1065 hostium
605 1005 718 1072 exceffit,
735 1009 765 1068 δι
782 1006 815 1065 ad

67 1089 204 1148 Mutinam
221 1088 327 1167 agmine
339 1087 455 1152 incauto,
478 1101 508 1146 ut
522 1087 588 1149 inter
601 1103 714 1166 pacatos,
732 1089 816 1149 duce·

68 1169 122 1230 bat.
160 1168 228 1246 Boji,
249 1169 293 1227 ubi
303 1168 432 1251 egressum
444 1166 460 1229 ὲ
471 1169 566 1230 finibus
579 1169 629 1229 suis
637 1170 742 1232 hostem
756 1171 815 1231 sen·

67 1250 131 1319 sere,
155 1251 321 1331 sequebantur
346 1250 427 1311 sdeoti
448 1254 576 1332 agminer
606 1253 697 1312 locum
720 1254 816 1315 insidiis

69 1347 221 1412 querentes.
241 1335 322 1392 nodie
337 1334 504 1413 praetergressi
521 1336 600 1393 castra
618 1338 751 1401 Romana,
771 1335 817 1395 sal·

69 1431 141 1482 tum,
163 1414 216 1494 qud
234 1414 418 1475 uanseundum
433 1429 487 1475 erat
505 1416 644 1482 Romanis,
663 1416 816 1478 insederunt.

68 1498 101 1558 1d
113 1516 199 1578 quum
213 1517 306 1577 parurn
320 1495 423 1558 occulte
438 1496 561 1565 fecissent,
577 1497 674 1565 consus,
687 1501 733 1579 qui
746 1499 818 1561 mul·

68 1594 97 1641 ta
115 1582 194 1641 nodie
213 1580 301 1642 solitus
314 1596 367 1641 erat
382 1599 491 1641 movere
505 1583 594 1647 eastra,
614 1600 647 1640 ne
665 1600 720 1641 nox
736 1596 816 1642 terro·

68 1682 129 1723 rem
148 1666 175 1722 in
194 1663 364 1724 tumultuario
377 1662 474 1740 prcelio
491 1679 604 1743 augeret,
622 1662 709 1724 iucem
729 1665 818 1744 exspe-

72 1745 163 1804 travit.
184 1750 214 1804 bt
249 1764 317 1804 uum
327 1746 390 1802 luce
407 1760 534 1809 moveret,
550 1758 642 1805 tamen
656 1759 772 1806 emmam
790 1768 818 1807 e·

71 1823 213 1900 quitum
302 1834 365 1880 turn·
383 1824 462 1880 misit.
510 1827 681 1903 Posteaquam
704 1828 815 1890 relatum

70 1907 117 1971 est,
137 1917 241 1982 quantae
253 1904 336 1982 copiae
347 1908 375 1964 &
390 1905 417 1961 in
428 1921 483 1983 quo
494 1902 554 1965 loco
566 1907 654 1973 essent,
677 1909 757 1970 totius
770 1931 816 1994 ag.

70 1988 151 2047 minis
172 1985 280 2047 sarcinas
300 1989 328 2045 in
348 1987 468 2045 medium
487 1989 584 2064 conjici
603 1990 685 2066 jussit,
704 1997 734 2054 δι
757 1996 818 2055 tria-

68 2071 124 2129 rios
142 2069 239 2129 vallum
258 2070 455 2148 circumjicere:
484 2087 569 2131 cetero
590 2075 703 2133 exercitu
724 2076 817 2138 instru-

70 2154 119 2212 tto
138 2154 169 2210 ad
188 2153 292 2212 bostem
313 2152 424 2215 acceffit.
464 2153 540 2213 idem
561 2159 589 2215 dc
609 2156 676 2217 Galli
692 2157 819 2229 fecerunt,

68 2232 238 2314 posteaquam
257 2249 354 2313 apertas
375 2232 424 2292 esse
445 2236 554 2303 infidias,
574 2243 602 2299 dt
614 2240 688 2298 resio
703 2261 733 2301 ac
747 2242 819 2318 justo

70 2315 176 2395 proelio,
198 2317 241 2375 nbi
264 2336 324 2377 vera
343 2317 562 2387 virtuavinceret,
580 2322 761 2383 dimicandum
778 2324 819 2385 vi·

71 2399 176 2459 derunt.
815 2401 818 2406 ’

115 2484 150 2539 v.
168 2484 240 2539 Hora
258 2480 367 2542 secunda
381 2480 466 2542 ferme
481 2481 637 2543 coneursum
659 2486 704 2547 est.
722 2489 819 2554 sinisira

71 2561 207 2624 sociorum
228 2566 347 2639 equitnm
368 2563 414 2629 ala,
435 2566 667 2626 &extraordinarii
684 2573 768 2648 prima
786 2579 816 2637 in

71 2647 126 2705 acie
140 2644 300 2723 pugnabant.
320 2661 441 2722 premam
451 2648 505 2707 duo
520 2648 660 2710 consulates
672 2651 758 2733 legati,
775 2663 817 2719 M.

74 2726 216 2792 Marcellus,
238 2732 266 2786 δε
286 2730 331 2788 Ti.
347 2733 516 2808 Sempronius
532 2734 624 2811 prioris
642 2736 703 2793 tuni
719 2738 817 2798 consul.

75 2812 169 2870 Novus
187 2809 276 2869 consui
290 2831 361 2871 nunc
376 2814 405 2870 ad
420 2817 503 2891 prima
515 2815 587 2896 figoa
601 2829 669 2882 erata
689 2835 761 2878 nunc
779 2819 816 2877 le·

73 2894 164 2975 giones
178 2894 328 2978 continebat
343 2893 504 2962 insubsidiis‚
521 2917 556 2958 ne
568 2898 723 2959 certamino
733 2898 822 2977 uodo

492 2983 520 3039 h
540 2997 562 3051 u
769 2978 856 3028 qm
