<?xml version="1.0" encoding="UTF-8"?>
<!DOCTYPE html PUBLIC "-//W3C//DTD XHTML 1.0 Transitional//EN"
    "http://www.w3.org/TR/xhtml1/DTD/xhtml1-transitional.dtd">
<html xmlns="http://www.w3.org/1999/xhtml" xml:lang="en" lang="en">
 <head>
  <title>
</title>
<meta http-equiv="Content-Type" content="text/html;charset=utf-8" />
  <meta name='ocr-system' content='tesseract 3.04.00' />
  <meta name='ocr-capabilities' content='ocr_page ocr_carea ocr_par ocr_line ocrx_word'/>
</head>
<body>
  <div class='ocr_page' id='page_1' title='image "./tliviipatavinih01livygoog_0044.png"; bbox 0 0 1740 3300; ppageno 0'>
   <div class='ocr_carea' id='block_1_1' title="bbox 72 304 579 397">
    <p class='ocr_par' dir='ltr' id='par_1_1' title="bbox 72 304 579 397">
     <span class='ocr_line' id='line_1_1' title="bbox 72 304 579 397; baseline -0.004 -22"><span class='ocrx_word' id='word_1_1' title='bbox 72 310 122 397; x_wconf 61' lang='lat'>‚46</span> <span class='ocrx_word' id='word_1_2' title='bbox 305 304 579 374; x_wconf 76' lang='lat' dir='ltr'>T.u1v11</span> 
     </span>
    </p>
   </div>
   <div class='ocr_carea' id='block_1_2' title="bbox 60 408 778 2884">
    <p class='ocr_par' dir='ltr' id='par_1_2' title="bbox 60 408 776 1878">
     <span class='ocr_line' id='line_1_2' title="bbox 75 408 775 493; baseline 0.003 -22"><span class='ocrx_word' id='word_1_3' title='bbox 75 420 141 475; x_wconf 90' lang='lat' dir='ltr'>Dux</span> <span class='ocrx_word' id='word_1_4' title='bbox 158 411 229 493; x_wconf 82' lang='lat' dir='ltr'>regia</span> <span class='ocrx_word' id='word_1_5' title='bbox 249 408 359 471; x_wconf 81' lang='lat' dir='ltr'>inclusus</span> <span class='ocrx_word' id='word_1_6' title='bbox 374 410 446 469; x_wconf 92' lang='lat' dir='ltr'>diem</span> <span class='ocrx_word' id='word_1_7' title='bbox 462 429 494 471; x_wconf 89' lang='lat' dir='ltr'>ac</span> <span class='ocrx_word' id='word_1_8' title='bbox 509 413 618 471; x_wconf 75' lang='lat' dir='ltr'>hodiem</span> <span class='ocrx_word' id='word_1_9' title='bbox 634 410 663 471; x_wconf 92' lang='lat' dir='ltr'>in</span> <span class='ocrx_word' id='word_1_10' title='bbox 680 410 775 479; x_wconf 75' lang='lat' dir='ltr'>stautai</span> 
     </span>
     <span class='ocr_line' id='line_1_3' title="bbox 75 492 775 573; baseline -0.001 -16"><span class='ocrx_word' id='word_1_11' title='bbox 75 495 198 573; x_wconf 83' lang='lat' dir='ltr'>thesauris</span> <span class='ocrx_word' id='word_1_12' title='bbox 222 495 324 573; x_wconf 77' lang='lat' dir='ltr'>tyranni</span> <span class='ocrx_word' id='word_1_13' title='bbox 342 492 522 570; x_wconf 80' lang='lat' dir='ltr'>consumpsit:</span> <span class='ocrx_word' id='word_1_14' title='bbox 548 492 629 555; x_wconf 83' lang='lat' dir='ltr'>AEtoli</span> <span class='ocrx_word' id='word_1_15' title='bbox 654 494 729 555; x_wconf 88' lang='lat' dir='ltr'>velut</span> <span class='ocrx_word' id='word_1_16' title='bbox 750 518 775 563; x_wconf 79' lang='lat' dir='ltr'>ca</span> 
     </span>
     <span class='ocr_line' id='line_1_4' title="bbox 75 574 775 659; baseline -0.006 -20"><span class='ocrx_word' id='word_1_17' title='bbox 75 578 148 645; x_wconf 83' lang='lat' dir='ltr'>urhe,</span> <span class='ocrx_word' id='word_1_18' title='bbox 174 596 256 657; x_wconf 88' lang='lat' dir='ltr'>quam</span> <span class='ocrx_word' id='word_1_19' title='bbox 275 576 386 637; x_wconf 69' lang='lat' dir='ltr'>liherili‘e</span> <span class='ocrx_word' id='word_1_20' title='bbox 406 578 485 635; x_wconf 84' lang='lat' dir='ltr'>uideri</span> <span class='ocrx_word' id='word_1_21' title='bbox 504 574 630 643; x_wconf 82' lang='lat' dir='ltr'>volebant,</span> <span class='ocrx_word' id='word_1_22' title='bbox 657 578 685 635; x_wconf 92' lang='lat' dir='ltr'>in</span> <span class='ocrx_word' id='word_1_23' title='bbox 707 582 775 659; x_wconf 52' lang='grc' dir='ltr'>μή</span> 
     </span>
     <span class='ocr_line' id='line_1_5' title="bbox 76 659 775 739; baseline 0.001 -17"><span class='ocrx_word' id='word_1_24' title='bbox 76 663 151 722; x_wconf 80' lang='lat' dir='ltr'>uerfi.</span> <span class='ocrx_word' id='word_1_25' title='bbox 174 660 258 719; x_wconf 88' lang='lat' dir='ltr'>Simul</span> <span class='ocrx_word' id='word_1_26' title='bbox 269 660 407 739; x_wconf 86' lang='lat' dir='ltr'>indignitas</span> <span class='ocrx_word' id='word_1_27' title='bbox 417 661 463 723; x_wconf 85' lang='lat' dir='ltr'>rei,</span> <span class='ocrx_word' id='word_1_28' title='bbox 481 659 775 737; x_wconf 84' lang='lat' dir='ltr'>stmulcontemptus.a</span> 
     </span>
     <span class='ocr_line' id='line_1_6' title="bbox 75 742 775 807; baseline 0.003 -2"><span class='ocrx_word' id='word_1_29' title='bbox 75 764 138 805; x_wconf 83' lang='lat' dir='ltr'>mos</span> <span class='ocrx_word' id='word_1_30' title='bbox 152 743 356 805; x_wconf 76' lang='lat' dir='ltr'>Laoedaemoniia</span> <span class='ocrx_word' id='word_1_31' title='bbox 367 742 398 801; x_wconf 85' lang='lat' dir='ltr'>ad</span> <span class='ocrx_word' id='word_1_32' title='bbox 411 742 563 803; x_wconf 87' lang='lat' dir='ltr'>co&#39;e&#39;undum</span> <span class='ocrx_word' id='word_1_33' title='bbox 580 742 654 803; x_wconf 85' lang='lat' dir='ltr'>fecit.</span> <span class='ocrx_word' id='word_1_34' title='bbox 672 742 719 803; x_wconf 87' lang='lat' dir='ltr'>alii</span> <span class='ocrx_word' id='word_1_35' title='bbox 731 746 775 807; x_wconf 90' lang='lat' dir='ltr'>dio</span> 
     </span>
     <span class='ocr_line' id='line_1_7' title="bbox 75 823 776 905; baseline 0 -20"><span class='ocrx_word' id='word_1_36' title='bbox 75 826 249 889; x_wconf 76' lang='lat' dir='ltr'>exturbandos</span> <span class='ocrx_word' id='word_1_37' title='bbox 266 824 377 891; x_wconf 68' lang='lat' dir='ltr'>aeolos,</span> <span class='ocrx_word' id='word_1_38' title='bbox 396 830 426 885; x_wconf 78' lang='lat' dir='ltr'>dt</span> <span class='ocrx_word' id='word_1_39' title='bbox 444 823 597 891; x_wconf 81' lang='lat' dir='ltr'>libertatem,</span> <span class='ocrx_word' id='word_1_40' title='bbox 620 846 712 905; x_wconf 87' lang='lat' dir='ltr'>quum</span> <span class='ocrx_word' id='word_1_41' title='bbox 728 830 776 889; x_wconf 79' lang='lat' dir='ltr'>rest</span> 
     </span>
     <span class='ocr_line' id='line_1_8' title="bbox 75 908 775 987; baseline 0.004 -20"><span class='ocrx_word' id='word_1_42' title='bbox 75 911 213 975; x_wconf 63' lang='lat' dir='ltr'>emanue,</span> <span class='ocrx_word' id='word_1_43' title='bbox 238 909 408 987; x_wconf 77' lang='lat' dir='ltr'>interceptam</span> <span class='ocrx_word' id='word_1_44' title='bbox 426 910 604 985; x_wconf 85' lang='lat' dir='ltr'>repetendam.</span> <span class='ocrx_word' id='word_1_45' title='bbox 620 908 673 975; x_wconf 81' lang='lat' dir='ltr'>alii,</span> <span class='ocrx_word' id='word_1_46' title='bbox 694 924 729 969; x_wconf 91' lang='lat' dir='ltr'>ut</span> <span class='ocrx_word' id='word_1_47' title='bbox 747 932 775 971; x_wconf 81' lang='lat' dir='ltr'>ca</span> 
     </span>
     <span class='ocr_line' id='line_1_9' title="bbox 74 990 776 1075; baseline 0.004 -26"><span class='ocrx_word' id='word_1_48' title='bbox 74 991 227 1075; x_wconf 74' lang='lat' dir='ltr'>ogmdaerei</span> <span class='ocrx_word' id='word_1_49' title='bbox 243 991 314 1057; x_wconf 85' lang='lat' dir='ltr'>effet,</span> <span class='ocrx_word' id='word_1_50' title='bbox 332 990 396 1072; x_wconf 86' lang='lat' dir='ltr'>regii</span> <span class='ocrx_word' id='word_1_51' title='bbox 415 992 515 1071; x_wconf 71' lang='lat' dir='ltr'>gennis</span> <span class='ocrx_word' id='word_1_52' title='bbox 532 990 645 1069; x_wconf 82' lang='lat' dir='ltr'>aliquem</span> <span class='ocrx_word' id='word_1_53' title='bbox 663 993 694 1051; x_wconf 90' lang='lat' dir='ltr'>in</span> <span class='ocrx_word' id='word_1_54' title='bbox 708 992 776 1071; x_wconf 79' lang='lat' dir='ltr'>sped</span> 
     </span>
     <span class='ocr_line' id='line_1_10' title="bbox 60 1072 766 1153; baseline 0.001 -17"><span class='ocrx_word' id='word_1_55' title='bbox 60 1074 266 1138; x_wconf 72' lang='lat' dir='ltr'>alsumendum.</span> <span class='ocrx_word' id='word_1_56' title='bbox 305 1072 450 1135; x_wconf 67' lang='lat' dir='ltr'>laconicis</span> <span class='ocrx_word' id='word_1_57' title='bbox 462 1076 519 1150; x_wconf 85' lang='lat' dir='ltr'>ejus</span> <span class='ocrx_word' id='word_1_58' title='bbox 533 1074 687 1151; x_wconf 81' lang='lat' dir='ltr'>stirpiaerat</span> <span class='ocrx_word' id='word_1_59' title='bbox 700 1094 766 1153; x_wconf 83' lang='lat' dir='ltr'>puer</span> 
     </span>
     <span class='ocr_line' id='line_1_11' title="bbox 74 1154 776 1234; baseline 0.004 -16"><span class='ocrx_word' id='word_1_60' title='bbox 74 1158 200 1224; x_wconf 83' lang='lat' dir='ltr'>medum,</span> <span class='ocrx_word' id='word_1_61' title='bbox 220 1159 342 1217; x_wconf 79' lang='lat' dir='ltr'><strong>educatus</strong></span> <span class='ocrx_word' id='word_1_62' title='bbox 361 1174 426 1215; x_wconf 89' lang='lat' dir='ltr'>cum</span> <span class='ocrx_word' id='word_1_63' title='bbox 441 1154 523 1215; x_wconf 84' lang='lat' dir='ltr'>liberis</span> <span class='ocrx_word' id='word_1_64' title='bbox 540 1158 654 1234; x_wconf 84' lang='lat' dir='ltr'><strong>tyranni.</strong></span> <span class='ocrx_word' id='word_1_65' title='bbox 674 1160 776 1220; x_wconf 76' lang='lat' dir='ltr'>eumin</span> 
     </span>
     <span class='ocr_line' id='line_1_12' title="bbox 74 1238 776 1321; baseline 0.001 -20"><span class='ocrx_word' id='word_1_66' title='bbox 74 1260 161 1319; x_wconf 90' lang='lat' dir='ltr'>quum</span> <span class='ocrx_word' id='word_1_67' title='bbox 181 1239 334 1321; x_wconf 84' lang='lat' dir='ltr'>imponunt,</span> <span class='ocrx_word' id='word_1_68' title='bbox 352 1244 380 1299; x_wconf 64' lang='grc' dir='ltr'>ὃ(</span> <span class='ocrx_word' id='word_1_69' title='bbox 401 1239 480 1298; x_wconf 86' lang='lat' dir='ltr'>armis</span> <span class='ocrx_word' id='word_1_70' title='bbox 497 1239 600 1315; x_wconf 86' lang='lat' dir='ltr'>arreptis</span> <span class='ocrx_word' id='word_1_71' title='bbox 615 1238 725 1299; x_wconf 84' lang='lat' dir='ltr'>AEtolos</span> <span class='ocrx_word' id='word_1_72' title='bbox 741 1261 776 1321; x_wconf 74' lang='lat' dir='ltr'>va</span> 
     </span>
     <span class='ocr_line' id='line_1_13' title="bbox 73 1320 763 1403; baseline 0.007 -22"><span class='ocrx_word' id='word_1_73' title='bbox 73 1340 120 1403; x_wconf 88' lang='lat' dir='ltr'>per</span> <span class='ocrx_word' id='word_1_74' title='bbox 140 1320 233 1381; x_wconf 81' lang='lat' dir='ltr'>tuhem</span> <span class='ocrx_word' id='word_1_75' title='bbox 253 1323 365 1383; x_wconf 78' lang='lat' dir='ltr'>caedunt.</span> <span class='ocrx_word' id='word_1_76' title='bbox 404 1326 479 1385; x_wconf 82' lang='lat' dir='ltr'>Tum</span> <span class='ocrx_word' id='word_1_77' title='bbox 498 1320 598 1402; x_wconf 81' lang='lat' dir='ltr'>regiam</span> <span class='ocrx_word' id='word_1_78' title='bbox 620 1321 763 1385; x_wconf 84' lang='lat' dir='ltr'>invadunt.</span> 
     </span>
     <span class='ocr_line' id='line_1_14' title="bbox 73 1402 776 1482; baseline 0 -19"><span class='ocrx_word' id='word_1_79' title='bbox 73 1404 273 1470; x_wconf 79' lang='lat' dir='ltr'>Alexamenum,</span> <span class='ocrx_word' id='word_1_80' title='bbox 293 1423 357 1464; x_wconf 89' lang='lat' dir='ltr'>cum</span> <span class='ocrx_word' id='word_1_81' title='bbox 368 1402 455 1482; x_wconf 84' lang='lat' dir='ltr'>paucis</span> <span class='ocrx_word' id='word_1_82' title='bbox 466 1404 633 1470; x_wconf 86' lang='lat' dir='ltr'>refisteutem‚</span> <span class='ocrx_word' id='word_1_83' title='bbox 655 1404 776 1471; x_wconf 67' lang='lat' dir='ltr'>obtrunca</span> 
     </span>
     <span class='ocr_line' id='line_1_15' title="bbox 75 1485 776 1569; baseline 0.001 -22"><span class='ocrx_word' id='word_1_84' title='bbox 75 1486 157 1547; x_wconf 84' lang='lat' dir='ltr'>AEtoli</span> <span class='ocrx_word' id='word_1_85' title='bbox 177 1488 246 1547; x_wconf 86' lang='lat' dir='ltr'>circa</span> <span class='ocrx_word' id='word_1_86' title='bbox 269 1485 441 1547; x_wconf 76' lang='lat' dir='ltr'>Chalcioecon</span> <span class='ocrx_word' id='word_1_87' title='bbox 463 1492 477 1564; x_wconf 87' lang='lat'><strong><em>(</em></strong></span> <span class='ocrx_word' id='word_1_88' title='bbox 486 1488 611 1547; x_wconf 81' lang='lat' dir='ltr'>Minervae</span> <span class='ocrx_word' id='word_1_89' title='bbox 626 1486 666 1545; x_wconf 88' lang='lat' dir='ltr'>est</span> <span class='ocrx_word' id='word_1_90' title='bbox 688 1488 776 1569; x_wconf 88' lang='lat' dir='ltr'>templ</span> 
     </span>
     <span class='ocr_line' id='line_1_16' title="bbox 73 1570 776 1651; baseline 0.004 -20"><span class='ocrx_word' id='word_1_91' title='bbox 73 1575 191 1647; x_wconf 79' lang='lat' dir='ltr'>aeneum)</span> <span class='ocrx_word' id='word_1_92' title='bbox 212 1570 364 1651; x_wconf 84' lang='lat' dir='ltr'>congregati</span> <span class='ocrx_word' id='word_1_93' title='bbox 384 1570 526 1630; x_wconf 87' lang='lat' dir='ltr'>caeduntur.</span> <span class='ocrx_word' id='word_1_94' title='bbox 556 1570 633 1628; x_wconf 85' lang='lat' dir='ltr'>Pauci</span> <span class='ocrx_word' id='word_1_95' title='bbox 651 1570 776 1635; x_wconf 81' lang='lat' dir='ltr'>armisai</span> 
     </span>
     <span class='ocr_line' id='line_1_17' title="bbox 73 1650 776 1736; baseline -0.003 -23"><span class='ocrx_word' id='word_1_96' title='bbox 73 1655 134 1719; x_wconf 79' lang='lat' dir='ltr'>etis.</span> <span class='ocrx_word' id='word_1_97' title='bbox 155 1672 214 1731; x_wconf 81' lang='lat' dir='ltr'>pare</span> <span class='ocrx_word' id='word_1_98' title='bbox 232 1657 359 1733; x_wconf 78' lang='lat' dir='ltr'>Tegeam,</span> <span class='ocrx_word' id='word_1_99' title='bbox 377 1673 435 1731; x_wconf 86' lang='lat' dir='ltr'>pars</span> <span class='ocrx_word' id='word_1_100' title='bbox 453 1650 640 1733; x_wconf 73' lang='lat' dir='ltr'>Megalopolim</span> <span class='ocrx_word' id='word_1_101' title='bbox 658 1654 776 1736; x_wconf 70' lang='lat' dir='ltr'>pmfugit</span> 
     </span>
     <span class='ocr_line' id='line_1_18' title="bbox 73 1732 776 1814; baseline 0.009 -23"><span class='ocrx_word' id='word_1_102' title='bbox 73 1734 111 1793; x_wconf 89' lang='lat' dir='ltr'>ibi</span> <span class='ocrx_word' id='word_1_103' title='bbox 130 1733 338 1814; x_wconf 76' lang='lat' dir='ltr'>comprehendi</span> <span class='ocrx_word' id='word_1_104' title='bbox 351 1734 541 1814; x_wconf 75' lang='lat' dir='ltr'>magistratibus</span> <span class='ocrx_word' id='word_1_105' title='bbox 558 1732 605 1793; x_wconf 88' lang='lat' dir='ltr'>suh</span> <span class='ocrx_word' id='word_1_106' title='bbox 620 1753 725 1796; x_wconf 87' lang='lat' dir='ltr'>corona</span> <span class='ocrx_word' id='word_1_107' title='bbox 735 1754 776 1801; x_wconf 79' lang='lat' dir='ltr'>vei</span> 
     </span>
     <span class='ocr_line' id='line_1_19' title="bbox 74 1831 147 1878; baseline 0.027 -2"><span class='ocrx_word' id='word_1_108' title='bbox 74 1831 147 1878; x_wconf 80' lang='lat' dir='ltr'>runt.</span> 
     </span>
    </p>

    <p class='ocr_par' dir='ltr' id='par_1_3' title="bbox 70 1895 778 2884">
     <span class='ocr_line' id='line_1_20' title="bbox 114 1895 776 1980; baseline -0.002 -18"><span class='ocrx_word' id='word_1_109' title='bbox 114 1902 261 1963; x_wconf 85' lang='lat' dir='ltr'>XXXVII.</span> <span class='ocrx_word' id='word_1_110' title='bbox 286 1898 481 1978; x_wconf 81' lang='lat' dir='ltr'>Philopoemen,</span> <span class='ocrx_word' id='word_1_111' title='bbox 506 1896 592 1957; x_wconf 86' lang='lat' dir='ltr'>audita</span> <span class='ocrx_word' id='word_1_112' title='bbox 612 1895 682 1959; x_wconf 55' lang='lat' dir='ltr'>effide</span> <span class='ocrx_word' id='word_1_113' title='bbox 706 1915 776 1980; x_wconf 76' lang='lat' dir='ltr'>tym</span> 
     </span>
     <span class='ocr_line' id='line_1_21' title="bbox 72 1982 776 2061; baseline 0.006 -21"><span class='ocrx_word' id='word_1_114' title='bbox 72 1985 208 2060; x_wconf 78' lang='lat' dir='ltr'>profedius</span> <span class='ocrx_word' id='word_1_115' title='bbox 233 1985 458 2048; x_wconf 72' lang='lat' dir='ltr'>Lacedaemonem,</span> <span class='ocrx_word' id='word_1_116' title='bbox 490 2000 575 2061; x_wconf 89' lang='lat' dir='ltr'>quum</span> <span class='ocrx_word' id='word_1_117' title='bbox 598 1984 692 2041; x_wconf 90' lang='lat' dir='ltr'>omnia</span> <span class='ocrx_word' id='word_1_118' title='bbox 717 1982 776 2044; x_wconf 78' lang='lat' dir='ltr'>turb</span> 
     </span>
     <span class='ocr_line' id='line_1_22' title="bbox 73 2058 776 2136; baseline -0.003 -17"><span class='ocrx_word' id='word_1_119' title='bbox 73 2078 151 2121; x_wconf 83' lang='lat' dir='ltr'>metu</span> <span class='ocrx_word' id='word_1_120' title='bbox 168 2064 302 2120; x_wconf 76' lang='lat' dir='ltr'>invenisset</span> <span class='ocrx_word' id='word_1_121' title='bbox 308 2085 318 2127; x_wconf 77' lang='lat'>3</span> <span class='ocrx_word' id='word_1_122' title='bbox 337 2066 451 2120; x_wconf 82' lang='lat' dir='ltr'>evocatis</span> <span class='ocrx_word' id='word_1_123' title='bbox 464 2058 630 2136; x_wconf 83' lang='lat' dir='ltr'>principibus,</span> <span class='ocrx_word' id='word_1_124' title='bbox 651 2068 681 2121; x_wconf 72' lang='grc' dir='ltr'>δε</span> <span class='ocrx_word' id='word_1_125' title='bbox 700 2068 776 2127; x_wconf 66' lang='grc' dir='ltr'>σιω]</span> 
     </span>
     <span class='ocr_line' id='line_1_23' title="bbox 73 2140 776 2222; baseline 0.004 -21"><span class='ocrx_word' id='word_1_126' title='bbox 73 2141 171 2208; x_wconf 84' lang='lat' dir='ltr'>habita,</span> <span class='ocrx_word' id='word_1_127' title='bbox 187 2143 267 2222; x_wconf 80' lang='lat' dir='ltr'>qualis</span> <span class='ocrx_word' id='word_1_128' title='bbox 279 2143 393 2202; x_wconf 89' lang='lat' dir='ltr'>habenda</span> <span class='ocrx_word' id='word_1_129' title='bbox 404 2142 437 2201; x_wconf 90' lang='lat' dir='ltr'>ab</span> <span class='ocrx_word' id='word_1_130' title='bbox 450 2140 607 2199; x_wconf 82' lang='lat' dir='ltr'>Alexameno</span> <span class='ocrx_word' id='word_1_131' title='bbox 622 2140 719 2211; x_wconf 87' lang='lat' dir='ltr'>fuerat,</span> <span class='ocrx_word' id='word_1_132' title='bbox 740 2148 776 2209; x_wconf 82' lang='lat' dir='ltr'>sot</span> 
     </span>
     <span class='ocr_line' id='line_1_24' title="bbox 72 2223 776 2297; baseline 0 -14"><span class='ocrx_word' id='word_1_133' title='bbox 72 2227 122 2284; x_wconf 90' lang='lat' dir='ltr'>tati</span> <span class='ocrx_word' id='word_1_134' title='bbox 137 2226 293 2285; x_wconf 78' lang='lat' dir='ltr'>Achaeorum</span> <span class='ocrx_word' id='word_1_135' title='bbox 307 2224 518 2285; x_wconf 83' lang='lat' dir='ltr'>Lacedaemonios</span> <span class='ocrx_word' id='word_1_136' title='bbox 529 2223 660 2297; x_wconf 84' lang='lat' dir='ltr'>adjunxit:</span> <span class='ocrx_word' id='word_1_137' title='bbox 680 2244 718 2283; x_wconf 89' lang='lat' dir='ltr'>eo</span> <span class='ocrx_word' id='word_1_138' title='bbox 738 2232 776 2296; x_wconf 73' lang='lat' dir='ltr'>eti</span> 
     </span>
     <span class='ocr_line' id='line_1_25' title="bbox 73 2302 777 2386; baseline 0.001 -21"><span class='ocrx_word' id='word_1_139' title='bbox 73 2304 180 2372; x_wconf 75' lang='lat' dir='ltr'>facillis,</span> <span class='ocrx_word' id='word_1_140' title='bbox 193 2306 263 2386; x_wconf 80' lang='lat' dir='ltr'>quhd</span> <span class='ocrx_word' id='word_1_141' title='bbox 277 2310 308 2365; x_wconf 88' lang='lat' dir='ltr'>ad</span> <span class='ocrx_word' id='word_1_142' title='bbox 320 2308 390 2365; x_wconf 84' lang='lat' dir='ltr'>idem</span> <span class='ocrx_word' id='word_1_143' title='bbox 405 2302 474 2365; x_wconf 71' lang='lat' dir='ltr'>forte</span> <span class='ocrx_word' id='word_1_144' title='bbox 487 2318 591 2381; x_wconf 89' lang='lat' dir='ltr'>tempus</span> <span class='ocrx_word' id='word_1_145' title='bbox 603 2309 637 2365; x_wconf 83' lang='lat' dir='ltr'>A.</span> <span class='ocrx_word' id='word_1_146' title='bbox 646 2306 742 2369; x_wconf 86' lang='lat' dir='ltr'>Atilius</span> <span class='ocrx_word' id='word_1_147' title='bbox 754 2332 777 2373; x_wconf 80' lang='grc' dir='ltr'>α</span> 
     </span>
     <span class='ocr_line' id='line_1_26' title="bbox 71 2388 777 2469; baseline 0 -20"><span class='ocrx_word' id='word_1_148' title='bbox 71 2404 184 2467; x_wconf 85' lang='lat' dir='ltr'>quatuor</span> <span class='ocrx_word' id='word_1_149' title='bbox 204 2396 233 2450; x_wconf 79' lang='grc' dir='ltr'>δι</span> <span class='ocrx_word' id='word_1_150' title='bbox 254 2391 347 2469; x_wconf 87' lang='lat' dir='ltr'>viginti</span> <span class='ocrx_word' id='word_1_151' title='bbox 367 2388 596 2466; x_wconf 86' lang='lat' dir='ltr'>quinqueremibus</span> <span class='ocrx_word' id='word_1_152' title='bbox 621 2390 652 2447; x_wconf 88' lang='lat' dir='ltr'>ad</span> <span class='ocrx_word' id='word_1_153' title='bbox 678 2394 777 2469; x_wconf 66' lang='lat' dir='ltr'>Gythi</span> 
     </span>
     <span class='ocr_line' id='line_1_27' title="bbox 72 2469 777 2557; baseline 0.003 -26"><span class='ocrx_word' id='word_1_154' title='bbox 72 2473 185 2531; x_wconf 86' lang='lat' dir='ltr'>acceffit.</span> <span class='ocrx_word' id='word_1_155' title='bbox 203 2469 293 2531; x_wconf 80' lang='lat' dir='ltr'>iisdem</span> <span class='ocrx_word' id='word_1_156' title='bbox 309 2472 397 2533; x_wconf 82' lang='lat' dir='ltr'>diebus</span> <span class='ocrx_word' id='word_1_157' title='bbox 414 2473 482 2532; x_wconf 86' lang='lat' dir='ltr'>circa</span> <span class='ocrx_word' id='word_1_158' title='bbox 496 2470 649 2531; x_wconf 78' lang='lat' dir='ltr'>Chalcidem</span> <span class='ocrx_word' id='word_1_159' title='bbox 668 2472 777 2557; x_wconf 67' lang='lat' dir='ltr'>Thoapp</span> 
     </span>
     <span class='ocr_line' id='line_1_28' title="bbox 71 2553 777 2635; baseline -0.007 -18"><span class='ocrx_word' id='word_1_160' title='bbox 71 2555 260 2635; x_wconf 86' lang='lat' dir='ltr'>Euthymidam</span> <span class='ocrx_word' id='word_1_161' title='bbox 286 2557 442 2633; x_wconf 86' lang='lat' dir='ltr'>principem,</span> <span class='ocrx_word' id='word_1_162' title='bbox 469 2553 573 2632; x_wconf 90' lang='lat' dir='ltr'>pulsum</span> <span class='ocrx_word' id='word_1_163' title='bbox 598 2554 692 2633; x_wconf 86' lang='lat' dir='ltr'>opibus</span> <span class='ocrx_word' id='word_1_164' title='bbox 720 2578 777 2620; x_wconf 73' lang='lat' dir='ltr'>enta</span> 
     </span>
     <span class='ocr_line' id='line_1_29' title="bbox 71 2636 777 2724; baseline 0.004 -28"><span class='ocrx_word' id='word_1_165' title='bbox 71 2641 118 2715; x_wconf 87' lang='lat' dir='ltr'>qui</span> <span class='ocrx_word' id='word_1_166' title='bbox 133 2643 263 2699; x_wconf 82' lang='lat' dir='ltr'>Romanae</span> <span class='ocrx_word' id='word_1_167' title='bbox 274 2636 401 2710; x_wconf 80' lang='lat' dir='ltr'>societatis</span> <span class='ocrx_word' id='word_1_168' title='bbox 412 2654 484 2699; x_wconf 85' lang='lat' dir='ltr'>eraut</span> <span class='ocrx_word' id='word_1_169' title='bbox 497 2638 555 2715; x_wconf 87' lang='lat' dir='ltr'>post</span> <span class='ocrx_word' id='word_1_170' title='bbox 576 2643 610 2696; x_wconf 88' lang='lat' dir='ltr'>T.</span> <span class='ocrx_word' id='word_1_171' title='bbox 626 2636 777 2724; x_wconf 67' lang='lat' dir='ltr'>Quintiiip</span> 
     </span>
     <span class='ocr_line' id='line_1_30' title="bbox 70 2720 777 2802; baseline 0.016 -26"><span class='ocrx_word' id='word_1_172' title='bbox 70 2732 210 2799; x_wconf 85' lang='lat' dir='ltr'>torumque</span> <span class='ocrx_word' id='word_1_173' title='bbox 224 2722 376 2789; x_wconf 84' lang='lat' dir='ltr'>adventum,</span> <span class='ocrx_word' id='word_1_174' title='bbox 393 2726 423 2783; x_wconf 80' lang='lat' dir='ltr'>de</span> <span class='ocrx_word' id='word_1_175' title='bbox 436 2720 602 2785; x_wconf 82' lang='lat' dir='ltr'>Herodorum</span> <span class='ocrx_word' id='word_1_176' title='bbox 614 2722 777 2802; x_wconf 69' lang='lat' dir='ltr'>Cimumnu</span> 
     </span>
     <span class='ocr_line' id='line_1_31' title="bbox 71 2802 778 2884; baseline 0.007 -24"><span class='ocrx_word' id='word_1_177' title='bbox 71 2816 196 2868; x_wconf 78' lang='lat' dir='ltr'>catonem,</span> <span class='ocrx_word' id='word_1_178' title='bbox 215 2805 257 2863; x_wconf 82' lang='lat' dir='ltr'>sed</span> <span class='ocrx_word' id='word_1_179' title='bbox 276 2821 414 2882; x_wconf 89' lang='lat' dir='ltr'>potentem</span> <span class='ocrx_word' id='word_1_180' title='bbox 435 2802 556 2865; x_wconf 79' lang='lat' dir='ltr'>Chalcide</span> <span class='ocrx_word' id='word_1_181' title='bbox 578 2818 683 2883; x_wconf 80' lang='lat' dir='ltr'>propter</span> <span class='ocrx_word' id='word_1_182' title='bbox 698 2806 778 2884; x_wconf 71' lang='lat' dir='ltr'>divip&#39;</span> 
     </span>
    </p>
   </div>
   <div class='ocr_carea' id='block_1_3' title="bbox 50 2884 777 3185">
    <p class='ocr_par' dir='ltr' id='par_1_4' title="bbox 50 2884 777 3185">
     <span class='ocr_line' id='line_1_32' title="bbox 50 2884 777 2971; baseline 0.012 -29"><span class='ocrx_word' id='word_1_183' title='bbox 50 2884 53 2889; x_wconf 84' lang='lat'>&#39;</span> <span class='ocrx_word' id='word_1_184' title='bbox 69 2887 213 2965; x_wconf 79' lang='lat' dir='ltr'>praeparatis</span> <span class='ocrx_word' id='word_1_185' title='bbox 227 2888 259 2946; x_wconf 84' lang='lat' dir='ltr'>ad</span> <span class='ocrx_word' id='word_1_186' title='bbox 273 2890 446 2966; x_wconf 86' lang='lat' dir='ltr'>proditionem</span> <span class='ocrx_word' id='word_1_187' title='bbox 459 2888 490 2945; x_wconf 85' lang='lat' dir='ltr'>iis</span> <span class='ocrx_word' id='word_1_188' title='bbox 501 2887 548 2965; x_wconf 83' lang='lat' dir='ltr'>qui</span> <span class='ocrx_word' id='word_1_189' title='bbox 557 2884 777 2971; x_wconf 46' lang='lat' dir='ltr'>Euthymida&amp;</span> 
     </span>
     <span class='ocr_line' id='line_1_33' title="bbox 69 2966 777 3051; baseline 0.04 -39"><span class='ocrx_word' id='word_1_190' title='bbox 69 2966 129 3023; x_wconf 83' lang='lat' dir='ltr'>onis</span> <span class='ocrx_word' id='word_1_191' title='bbox 152 2984 231 3035; x_wconf 73' lang='lat' dir='ltr'>erant,</span> <span class='ocrx_word' id='word_1_192' title='bbox 261 2988 427 3051; x_wconf 77' lang='lat' dir='ltr'>nequaquam</span> <span class='ocrx_word' id='word_1_193' title='bbox 455 2972 564 3035; x_wconf 70' lang='lat' dir='ltr'>candem</span> <span class='ocrx_word' id='word_1_194' title='bbox 587 2966 734 3038; x_wconf 73' lang='lat' dir='ltr'>fortunam·</span> <span class='ocrx_word' id='word_1_195' title='bbox 754 2988 777 3051; x_wconf 71' lang='lat' dir='ltr'>‚ss</span> 
     </span>
     <span class='ocr_line' id='line_1_34' title="bbox 58 3048 777 3185; baseline 0.026 -81"><span class='ocrx_word' id='word_1_196' title='bbox 58 3050 214 3125; x_wconf 59' lang='lat' dir='ltr'>Dememias</span> <span class='ocrx_word' id='word_1_197' title='bbox 230 3073 281 3137; x_wconf 71' lang='lat' dir='ltr'>per</span> <span class='ocrx_word' id='word_1_198' title='bbox 297 3052 483 3137; x_wconf 61' lang='lat' dir='ltr'>Eupphehum</span> <span class='ocrx_word' id='word_1_199' title='bbox 498 3048 777 3185; x_wconf 41' lang='grc' dir='ltr'>ὒῑωῖΰλῧῗὶιξ</span> 
     </span>
    </p>
   </div>
   <div class='ocr_carea' id='block_1_4' title="bbox 0 0 874 3300">
    <p class='ocr_par' dir='ltr' id='par_1_5' title="bbox 0 0 874 3300">
     <span class='ocr_line' id='line_1_35' title="bbox 0 0 874 3300; baseline 0 0"><span class='ocrx_word' id='word_1_200' title='bbox 0 0 874 3300; x_wconf 95' lang='lat' dir='ltr'> </span> 
     </span>
    </p>
   </div>
  </div>
 </body>
</html>
