1740 3300
111 111 172 179 nn
339 94 640 181 ‘nutvu'

104 221 240 296 elephanti.
272 222 456 279 Romanorum
469 222 565 298 aliquot
579 222 707 281 vulnerati
719 225 788 286 sunt.
802 247 832 287 ce

107 304 222 361 ciderunt
236 321 291 359 non
304 302 360 378 plus
372 305 477 360 trecenti
496 305 600 378 pedites,
625 323 746 382 quatuor
765 314 792 368 δι
807 313 848 367 vi·

108 386 177 463 ginti
189 385 293 461 equites.
313 384 383 441 &de
396 385 521 441 Eumenis
537 386 657 462 exercitu⁰
674 391 796 469 quinque
815 396 834 451 dt

108 468 209 544 viginti.
230 470 258 525 δι
271 465 313 521 illo
326 465 433 540 quidem
446 466 487 523 die
498 467 617 528 vistoren
644 469 759 547 direptis
775 472 836 531 haffl-

109 567 157 606 um
170 547 263 609 castris,
281 563 344 604 cum
358 564 455 623 magna
467 548 550 622 praeda
561 550 590 611 in
603 547 650 605 sua
670 566 834 618 reverterunt

108 632 211 705 postero
221 628 262 684 die
275 626 413 703 spoliabant
428 627 552 685 caesorum
564 648 690 706 corpora,
715 640 756 696 ,δι
775 638 834 713 capti

109 729 156 767 vos
168 706 359 767 contrahebant.
398 711 487 787 Legati
502 709 533 766 ab
546 709 676 785 Thyatira
692 720 724 774 &
744 714 761 777 d
779 722 835 797 Magh

109 790 176 847 nesta
187 789 218 847 ad
233 791 350 867 Sipylum
363 790 395 848 ad
407 792 528 849 dedendas
542 790 619 849 urbes
633 812 789 870 venerunt,
800 804 836 857 An·

108 872 210 929 tiochns
227 890 288 929 cum
300 873 387 948 paucis
403 872 513 951 fugiens,
541 873 569 929 in
585 872 645 948 ipso
661 877 765 940 itinere
777 880 835 959 pluri

109 953 157 1011 bus
177 954 391 1032 congregantibus
410 953 444 1017 se,
471 954 572 1012 modica
587 973 675 1015 manu
688 979 835 1023 armatorum

111 1035 197 1092 media
214 1035 297 1092 ferme
316 1037 395 1093 nodie
414 1036 509 1093 Sudeis
524 1037 659 1096 concessit.
692 1044 760 1103 inde
772 1062 834 1123 quim

111 1116 214 1174 audiiset
225 1116 360 1175 Seleucum
373 1116 454 1174 lilium
469 1116 637 1194 &quosdam
650 1126 835 1186 arnieoruml-

109 1216 229 1276 pamerm
237 1197 391 1275 praegteffos,
409 1198 497 1272 &ipse
508 1213 597 1274 quarta
608 1203 707 1280 vigilia
719 1224 837 1267 cumcon-

110 1281 174 1359 juge
186 1298 217 1337 ac
228 1279 277 1337 filia
290 1280 355 1355 petit
370 1282 530 1355 Apameam
557 1281 666 1341 Zenoni
686 1290 782 1349 tradita
803 1308 835 1347 er·

111 1362 191 1420 studia
203 1361 280 1425 urhis,
294 1362 406 1419 Timone
415 1360 501 1436 Lydiae
512 1364 660 1437 praeposito.
674 1369 777 1446 quibua
786 1368 835 1449 syrr-

110 1445 152 1505 tis.
171 1442 294 1502 consensu
308 1444 496 1518 oppidanorum
511 1448 539 1502 δι
553 1442 687 1516 militum,
710 1452 835 1531 qtriinatn

110 1540 190 1589 mant,
209 1525 283 1602 legati
296 1525 328 1581 ad
343 1524 472 1582 consulem
485 1525 553 1583 miffi
570 1525 641 1589 sunt.

153 1610 242 1665 XLV.
257 1605 309 1664 Sub
327 1607 397 1664 idem
416 1606 468 1664 fere
481 1623 585 1684 tempus
602 1615 632 1669 &
654 1613 694 1672 ab
714 1616 833 1677 Trnlns

114 1693 142 1749 de
155 1686 171 1747 i
185 1691 322 1766 Magnesia,
345 1708 403 1766 quae
421 1689 493 1765 super
513 1693 680 1754 Maeandrum
694 1701 743 1764 est,
769 1694 832 1759 &rh

111 1770 214 1847 Epheso
228 1773 302 1846 legati
315 1772 345 1827 ad
361 1771 486 1828 dedendas
500 1772 574 1828 urbes
586 1793 731 1840 venmunt.
748 1828 751 1834 .
778 1776 831 1837 Rel-
855 1763 861 1858 l

110 1866 199 1924 querat
211 1852 339 1923 Ephesum
354 1851 519 1926 Polyxenidas
528 1855 611 1912 audita
622 1875 730 1939 pugna.
747 1867 775 1923 δι
786 1854 830 1918 ebs·
853 1865 858 1938 f

110 1929 136 1986 se
155 1929 232 2005 usque
252 1931 281 1986 ad
303 1933 391 1988 Patara
406 1934 491 2007 Lyciae
502 1938 648 2009 perventus,
668 1960 749 2002 metu
761 1942 829 2001 stadt

110 2011 151 2069 nis
163 2010 324 2067 Rhodiarum
339 2014 455 2078 navium,
473 2035 531 2092 quae
548 2018 578 2073 ad
593 2023 728 2099 Megisten
740 2022 828 2087 eratin

108 2106 203 2148 terram
215 2094 333 2169 egressus,
350 2113 413 2151 cum
421 2099 507 2172 paucis
518 2099 606 2157 itinere
618 2103 733 2177 pedestri
745 2106 827 2183 Syrien

109 2176 191 2252 petiit.
232 2174 296 2232 Asiae
308 2176 422 2234 civitates
437 2179 463 2235 in
477 2179 555 2236 fidem
568 2181 683 2241 confialis
705 2187 827 2245 ditionen

108 2275 160 2334 que
175 2255 262 2333 populi
278 2261 395 2316 Romani
405 2259 455 2317 sese
468 2260 607 2321 tradebant.
645 2268 771 2328 Sardibus
786 2269 827 2343 jur

110 2338 197 2397 consul
216 2353 278 2397 erat.
301 2339 332 2398 en
351 2345 378 2399 δι
401 2344 430 2398 Ρ.
442 2343 574 2418 δείρίοιαῑ)
588 2343 666 2411 Elaea,
686 2369 773 2425 quum
791 2363 828 2424 prr

109 2440 187 2479 mum
206 2422 260 2497 pati
278 2421 390 2481 laborem
410 2423 458 2479 viae
468 2425 562 2498 potuit,
580 2429 659 2486 venit.
702 2432 759 2490 Sub
775 2430 830 2487 iden

107 2501 160 2560 fene
173 2518 278 2580 tempus
290 2505 437 2564 caduceator
451 2504 483 2560 ab
495 2505 627 2565 Antiocho
637 2528 687 2585 per
706 2514 737 2571 P.
747 2511 831 2588 seipic-

108 2601 170 2641 nem
189 2582 204 2642 ὲ
225 2584 327 2644 consule
354 2587 428 2664 petiit
454 2586 664 2664 impetravitque,
689 2606 721 2651 ut
733 2608 851 2651 omtorn.

109 2666 213 2721 mittere
225 2666 311 2726 liceret
322 2671 385 2746 regi.
423 2671 521 2726 Paucos
532 2672 590 2747 post
605 2672 658 2729 dies
672 2675 782 2741 Zeuxis,
798 2670 832 2748 qui

108 2745 243 2819 praefestus
258 2750 345 2824 Lydiae
359 2750 451 2812 fuerat,
477 2754 505 2809 δε
524 2754 654 2826 Antipater
672 2758 763 2815 hatris
781 2754 833 2815 filiu

108 2841 239 2887 venerunt.
258 2827 285 2887 hi
298 2832 369 2907 prius
387 2837 505 2892 Eumene
517 2847 658 2901 convento,
679 2856 766 2918 quem
783 2852 833 2915 pro·

13 2949 109 3146 N
787 2930 837 2997 r
