1740 3300
219 346 438 416 LIBER
472 345 549 415 Xla.
699 358 755 427 371

37 461 91 519 iter
103 458 234 522 omnium,
252 460 298 539 qui
309 459 338 517 in
351 460 436 518 mitris
454 472 534 524 erant,
555 454 675 517 calonum
694 472 761 532 quo

37 562 82 621 pue
97 545 124 600 dc
137 542 245 599 lixarum
263 540 368 607 sublato,
387 540 465 600 srmul
477 539 600 599 omnibus
611 539 693 617 porris
704 540 761 595 Ro·

37 624 103 683 nani
122 636 270 701 eruperunt.
316 624 453 702 Liguribus
476 623 540 683 adeo
564 619 704 699 improvisa
722 632 763 675 res

37 706 91 770 init,
110 719 142 763 ut
152 705 263 781 poinde,
287 723 318 762 tc
336 707 464 765 fiinlidiis
481 705 651 765 circumventi
668 701 764 761 forent,

37 787 191 867 repidnent.
230 788 362 867 Exiguum
376 789 500 865 temporis
514 788 597 865 aliqua
613 784 699 843 forma
714 801 764 860 pu·

37 888 91 948 grue
108 869 167 928 fuit.
196 867 260 948 fuga
276 870 367 927 deinde
379 868 465 934 effuse,
492 874 519 930 δι
535 867 693 949 fugientium
708 860 764 941 prs·

38 952 82 1009 'rm
97 952 177 1013 caeder
192 966 251 1009 erat.
284 951 419 1031 Equitibus
431 952 492 1010 dato
503 952 585 1031 srgno‚
600 966 629 1008 ut
644 944 765 1031 conscen-

38 1034 121 1091 derent
135 1052 225 1111 equos,
250 1051 298 1091 nec
321 1033 434 1115 effugere
450 1052 611 1113 quemquam
634 1032 764 1091 smerentr

38 1120 60 1171 'n
75 1117 153 1173 castra
169 1133 261 1173 omnes
272 1116 368 1193 trepida
380 1118 443 1195 fuge
457 1114 583 1195 compulsi
597 1115 655 1175 sunt
665 1111 680 1187 (J
696 1112 765 1168 dein·

38 1197 66 1254 le
78 1196 138 1275 ipsrs
152 1198 223 1253 exuti
235 1197 329 1255 castris.
369 1202 449 1275 Supra
461 1198 609 1276 quindecim
625 1190 702 1253 milia
719 1192 767 1255 Li·

38 1296 131 1365 gutum
146 1297 178 1335 eo
190 1278 230 1336 die
243 1278 333 1344 orcifi,
346 1294 418 1355 capra
429 1281 482 1337 duo
496 1279 573 1338 millia
585 1285 613 1340 δι
624 1272 769 1355 quingenti.

38 1361 136 1420 niduo
154 1362 213 1436 poll
227 1361 352 1439 Ligurum
374 1365 550 1441 Ingaunorum
570 1379 650 1419 omne
668 1372 769 1415 nomen

38 1441 164 1500 oblidibus
178 1442 241 1501 datis
259 1446 286 1498 in
309 1443 464 1503 deditionem
483 1446 562 1504 venit.
609 1445 771 1502 ubernnores

39 1537 174 1600 nautaeque
193 1525 337 1601 conquisrti,
363 1527 408 1605 qui
422 1526 572 1603 praedatores
583 1464 685 1583 lrilleot
698 1522 770 1580 turi-

39 1612 94 1671 bus,
126 1619 203 1682 utque
223 1624 316 1663 omnes
335 1607 363 1666 in
383 1606 526 1665 custodiam
547 1606 670 1682 conjedii
709 1599 770 1662 Erd

39 1691 70 1747 C.
86 1688 203 1746 Matieno
216 1686 355 1746 duumuiro
372 1705 449 1747 naves
468 1689 524 1765 ejus
555 1689 636 1747 eneris
649 1689 676 1744 in
691 1685 772 1764 Ligu-

39 1772 104 1831 stina
120 1789 164 1827 ora
183 1770 240 1828 duae
257 1790 287 1828 nc
306 1770 411 1849 triginta
430 1786 512 1849 captae
532 1708 599 1829 lint.
643 1775 707 1829 Huc
726 1765 774 1847 qul

39 1852 196 1915 nunciarent,
224 1851 353 1928 literasque
373 1853 404 1909 ad
418 1852 534 1911 senatum
550 1852 653 1916 ferrent,
672 1856 704 1909 L.
720 1853 774 1909 Au·

39 1933 114 1992 telius
128 1935 217 1995 Corra.
235 1935 267 1992 C.
280 1930 405 2011 Sulpicius
421 1932 518 1994 Gallus,
541 1937 660 1991 Romam
681 1931 773 1989 miffr:

40 2012 168 2090 fimulque
180 2031 303 2092 peterent,
322 2029 352 2073 ut
370 2021 401 2077 L.
412 2015 520 2073 AEmilio
531 2014 649 2073 consedia
669 2014 774 2089 provin·

40 2098 80 2156 cia
100 2096 217 2154 decedere
238 2097 402 2156 &deducere
420 2096 508 2156 secum
531 2097 623 2155 militer
635 2095 720 2154 liceret
737 2107 776 2153 at·

40 2179 243 2337 l‘llssldl
268 2177 777 2339 lllllzlrdllnbnilll

40 2344 163 2402 decreta:
195 2342 306 2419 juifique
324 2359 453 2420 praerores,
484 2342 593 2402 Petillios
613 2341 720 2399 urbanas
738 2338 779 2398 di·

41 2426 148 2484 mittere
159 2424 280 2504 legiones,
301 2425 390 2482 Fabius
402 2425 477 2484 sociis
495 2443 571 2504 atque
585 2425 687 2481 nomini
709 2423 779 2481 Lati·

41 2525 82 2564 no
94 2508 224 2564 remittere
238 2504 376 2573 deledium.
396 2512 423 2566 dt
435 2506 476 2566 uri
489 2523 581 2585 praetor
591 2505 702 2562 urbanus
715 2524 780 2562 con·

41 2587 136 2646 solibus
151 2587 275 2652 scriberet,
297 2586 413 2648 senarum
430 2608 535 2667 aequurn
556 2583 664 2650 censere,
687 2584 781 2643 subita·

43 2672 98 2729 rios
118 2669 220 2736 milites,
242 2669 370 2729 tumultus
396 2671 479 2730 cruda
501 2668 667 2745 conscriptor,
695 2670 782 2744 primo

42 2752 396 2833 quoqueremporedim'ini.
586 2810 589 2815 .

89 2835 195 2893 xxix.
212 2832 323 2891 Colonia
338 2832 467 2893 Gravisrae
484 2851 517 2892 eo
533 2850 604 2891 runo
619 2829 727 2887 dedudle
746 2831 784 2888 est

47 2910 77 2971 in
92 2932 187 2995 agrum
200 2913 348 2980 Etruscum,
368 2918 400 2974 de
410 2914 635 2993 Tarquinienlibus
650 2913 783 2989 quondam

50 3008 169 3069 ceptum.
208 2998 294 3074 Qrina
307 2999 397 3077 jugere
411 2998 465 3078 agri
475 2998 541 3055 datu.
566 2994 663 3055 tresviri
675 2992 785 3049 deduxe-

50 3090 122 3160 ruut,
140 3076 175 3139 C.
184 3079 339 3159 Calpurnius
350 3078 418 3146 Pllo,
436 3076 601 3142 1²,Claudr'ur
618 3073 734 3136 Pulcher,
752 3074 788 3130 C·

653 3152 795 3214 'tuendus
