1740 3300
176 156 287 228 n1n
308 152 386 224 nu
430 152 626 226 xxxvm.
708 158 772 244 263

39 272 164 355 quidem
175 270 265 329 hirarii
284 271 420 334 mendum,
437 269 518 348 quim
532 269 696 329 mendacium
713 271 776 329 scri-

39 358 120 419 'torit
139 354 198 418 edi,
215 355 244 410 in
265 349 370 410 summa
384 354 438 409 auri
457 367 534 430 atque
549 353 658 432 argenti.
696 354 775 411 Simi-

39 429 80 499 ius
100 437 177 496 enim
193 435 249 494 veri
265 435 311 499 est,
330 436 427 514 argenti
445 433 524 512 quim
540 438 594 492 auri
609 435 696 511 majus
707 452 776 511 poo-

40 538 77 581 us
102 516 200 578 fuiffe:
229 520 257 576 dr
277 513 362 593 potius
380 516 527 596 quadragies
546 515 627 595 quim
646 517 778 576 ducmtior

39 600 193 681 magice
204 596 278 658 iitem
290 598 451 656 aestimatam.
468 618 501 655 co
520 600 613 678 magis,
631 593 702 677 quod
720 615 778 659 tan·

39 702 63 747 2
89 681 211 741 summac
227 681 355 738 rationem
375 682 453 738 etiam
476 681 509 738 ab
531 683 587 757 ipso
608 684 638 739 P.
653 683 776 759 Scipione

39 762 192 844 quiritum
211 760 262 819 effe
276 762 303 818 iu
322 762 408 820 senatu
426 763 549 821 tradunt:
570 761 714 840 librumque
732 782 776 823 ra·
796 760 801 770 ’

39 847 122 907 torus
141 844 208 920 ejus,
227 860 311 922 quum
333 845 445 902 Lucium
466 844 571 902 fratrem
591 843 678 902 afferre
694 844 777 922 juffis-

39 928 78 995 fit,
108 922 272 1005 idpodnte
288 923 374 983 serratu
397 926 446 984 suis
469 925 555 1003 ipsum
573 925 694 984 manibus
712 946 778 987 con·
815 978 822 994 ,

39 1008 177 1088 upton
196 1007 373 1087 indignantem
393 1008 471 1086 quod,
492 1027 576 1087 quum
593 1008 631 1066 bis
645 1006 735 1067 miiliot
751 1010 779 1066 io

39 1091 165 1152 erarium
176 1086 303 1154 nntium
315 1091 534 1170 quadragiesratio
545 1091 577 1149 ab
588 1088 614 1147 se
626 1090 780 1165 poscererm.

39 1174 70 1235 dt
84 1170 183 1231 eruero
196 1168 287 1230 fiducia
299 1172 388 1238 animi,
400 1190 483 1251 quum
491 1174 626 1251 quaestores
639 1173 777 1249 pecuniam

39 1274 71 1317 ι
85 1252 184 1314 aratio
192 1268 281 1313 contra
292 1251 376 1334 legem
390 1272 509 1331 promere
521 1274 576 1313 uon
588 1254 717 1319 auderent,
728 1275 780 1331 po·

39 1334 157 1418 pusciffe
175 1332 263 1399 chrm,
289 1338 317 1394 dc
341 1334 531 1412 seapcrtnrum
549 1336 667 1392 ararium
685 1335 783 1402 dixitur,

39 1414 328 1501 praecluderem,
348 1414 474 1476 effecitset.

87 1501 167 1561 Lvt.
188 1498 271 1557 rouo
288 1497 334 1555 alia
347 1499 376 1555 in
389 1497 514 1576 Scipionis
527 1498 597 1556 oritu
613 1493 728 1555 maxine
743 1497 783 1555 vi·

39 1598 86 1651 2,
109 1582 206 1661 dieque
220 1578 297 1644 dicia,
317 1593 411 1645 morte,
429 1580 528 1643 funere,
545 1578 686 1655 sepulchro,
704 1579 732 1635 in
745 1580 785 1636 di·

39 1660 154 1727 'fliium
172 1660 296 1722 trahunt:
318 1674 348 1718 ut
363 1657 405 1720 cui
422 1661 508 1725 fama,
527 1658 619 1736 quibus
635 1660 732 1736 scriptis
747 1656 786 1717 as·

39 1746 153 1811 heinr,
170 1760 225 1801 noo
245 1740 363 1802 habeam
405 1744 467 1802 Non
486 1742 517 1799 de
533 1739 677 1799 accusatore
690 1758 787 1798 conve·

39 1830 112 1894 nin
139 1824 181 1885 aiii
202 1828 244 1884 M.
259 1827 392 1888 Navium,
422 1824 462 1883 aiii
482 1822 590 1880 Petillios
608 1822 677 1880 diem
699 1822 787 1881 diniffe

39 1906 183 1973 hibunt:
204 1924 259 1964 non
272 1908 305 1964 de
317 1921 443 1984 tempore,
462 1924 516 1984 quo
527 1906 594 1963 dicta
604 1906 656 1963 dies
669 1906 710 1964 fit:
732 1925 788 1964 non

41 1992 81 2053 ὰ
102 2006 184 2054 armo,
203 2004 258 2065 quo
272 2004 391 2047 mortuus
404 1988 451 2047 fit:
471 2007 524 2045 non
539 1986 583 2045 ubi
599 2002 726 2051 mortuus,
744 2004 788 2046 aut

42 2068 133 2135 theut
155 2070 197 2130 fit.
238 2069 287 2127 Alii
307 2073 411 2136 Romae,
433 2069 473 2130 aiii
490 2069 586 2129 Literni
605 2074 632 2130 &
651 2084 787 2127 mortuum

45 2160 82 2219 t
92 2150 238 2232 sepultum:
252 2150 386 2229 utrobique
398 2166 571 2213 monumenta
582 2152 749 2208 ostenduntur
762 2154 791 2210 dt

48 2238 155 2297 statut.
196 2236 271 2293 Nam
293 2238 321 2292 dt
342 2235 441 2291 Literni
456 2246 670 2293 monumentum,
693 2249 793 2287 monu-

49 2332 200 2394 mentoque
213 2318 293 2374 statua
308 2314 500 2392 superimpofita
510 2312 574 2376 fuit3
597 2330 676 2387 quam
691 2308 800 2385 tempe·⁴

51 2402 120 2461 stadt
132 2398 271 2471 disjediam
287 2412 366 2471 nuper
380 2396 493 2452 vidimus
505 2394 559 2470 ipsi.
594 2396 627 2451 Et
641 2396 737 2450 Romae
749 2410 794 2449 er-

51 2496 96 2543 ua
116 2494 225 2558 portam
246 2480 379 2552 Capenam
399 2478 425 2532 in
446 2477 599 2553 Scipionum
620 2487 796 2532 monumento

55 2574 112 2621 tres
124 2564 215 2620 statuat
232 2558 304 2615 sunt.-
325 2576 433 2632 quarum
447 2558 504 2614 duae
516 2559 544 2613 P.
559 2560 586 2614 ὅ(
602 2558 632 2613 L.
644 2555 796 2632 Scipionum

57 2646 183 2701 dicuntur
202 2642 271 2699 effer
293 2641 365 2696 tertia
385 2644 469 2716 po'e'tae
485 2642 521 2713 Q.
536 2637 620 2697 Ennii.
660 2638 718 2696 Nec
731 2640 796 2699 inter

59 2722 199 2797 scriptores
221 2739 308 2782 rerum
336 2720 465 2797 discrepat·
485 2717 577 2783 solim,
610 2718 650 2776 sed
673 2723 799 2779 orationes

61 2820 182 2882 quoque,
200 2805 220 2862 fi
235 2801 317 2863 modd
337 2803 450 2880 ipsorum
470 2801 538 2870 suut,
554 2821 616 2882 quac
629 2803 816 2867 (cruorum.

54 2883 193 2967 ,sciprionir
203 2890 231 2945 dc
245 2886 304 2948 Tib.
317 2883 443 2959 Gracchi,
462 2886 609 2953 abhorrent
618 2888 689 2946 iuter
705 2885 747 2942 ie.
778 2882 849 3009 Χὲἓῖ
