1740 3300
229 162 563 236 LIBERXL.
704 186 765 257 339

36 282 158 341 teriorem
177 278 298 338 inarmis
316 276 374 343 esse,
406 282 434 338 be
454 297 517 337 cum
535 274 666 336 Celtiberis
686 279 770 339 bellari

37 363 163 423 sciebant:
190 362 218 418 in
233 360 359 426 ulteriore,
397 361 438 418 uia
450 360 494 418 diu
509 378 576 438 aeger
593 375 684 435 praetor
701 366 772 436 essct,

36 444 139 505 luxuria
151 448 180 505 δι
191 444 246 502 otio
258 439 366 500 solutam
376 380 536 521 iiscipiioam
555 441 693 501 militarem
714 444 774 507 esse.

36 526 86 587 Ob
105 544 136 586 ea
153 542 238 583 oovos
251 525 374 582 exercitus
389 524 512 583 conscribi
532 522 639 602 placuit:
664 538 774 602 quatuor

37 604 157 689 legiones
176 606 205 662 iri
218 604 345 682 ¹Ligurem
371 603 411 663 uti
429 604 534 684 singulae
553 607 632 683 quina
646 604 726 665 millio
746 610 776 670 &

38 686 161 749 Bucenos
174 684 278 764 pedites,
296 698 412 744 trecenos
422 685 541 746 baberent
550 689 661 764 equites:
693 686 777 748 socio·

39 786 106 830 rum
121 766 209 827 iisdem
222 768 308 827 Latini
323 768 437 827 noniir'ris
449 766 599 847 quindecim
613 766 692 827 millia
706 772 777 849 pedi·

40 858 107 913 tum
122 848 214 916 addita,
232 854 261 910 &
272 849 414 930 ostingmti
427 853 537 928 equites.
555 849 583 907 iri
596 852 649 910 duo
663 853 778 913 consula·

41 933 219 995 re'scxereitus
232 933 320 991 eiseirt.
359 932 668 1009 Scribcrep'raetereajuisr
679 933 779 1011 septem

41 1014 125 1078 millia
136 1012 253 1094 peditum
265 1010 394 1074 sociorum
407 1035 438 1073 ac
452 1016 537 1073 Laiini
546 1016 669 1082 nominis,
689 1016 781 1079 &sox-

43 1112 139 1160 centos
156 1097 263 1175 equites,
289 1096 442 1156 &mittere
463 1098 494 1156 ad
518 1099 557 1157 M.
579 1098 728 1158 Marcellum
752 1102 781 1159 io

43 1178 174 1242 Gelliam:
202 1178 244 1236 cui
258 1194 291 1235 ex
311 1177 442 1238 consulatu
458 1193 627 1258 prorogatum
640 1183 782 1259 imperium

43 1272 111 1322 erat
150 1260 183 1319 io
196 1258 343 1336 slisponiam
358 1262 436 1318 etiam
451 1274 598 1335 utramque,
624 1281 682 1338 quae
706 1265 784 1320 duce·

45 1350 148 1408 reutrrr,
172 1338 380 1419 quatuor'msslie
393 1340 509 1418 pediturn
532 1341 629 1397 civium
647 1344 785 1401 Romano·

47 1444 123 1491 rum,
141 1428 170 1484 δε
185 1421 290 1482 ducenti
298 1422 403 1502 equites,
425 1425 453 1481 &
468 1421 599 1480 sociorum
614 1422 711 1499 septem
724 1421 786 1483 mii-

48 1506 227 1585 inpeditum
248 1520 311 1562 cum
333 1503 451 1564 trecentis
474 1500 600 1582 equitibus
619 1503 692 1564 scribi
712 1507 787 1582 jutia.

52 1588 85 1652 δι
102 1590 141 1665 Q
152 1584 229 1645 Fabio
251 1586 363 1645 Labeofii
379 1604 442 1645 curn
461 1586 583 1649 exercitu,
610 1605 690 1663 quem
710 1587 788 1647 habe·

51 1671 101 1730 bat
112 1670 140 1727 iu
153 1666 297 1749 Liguribus,
313 1680 483 1746 prorogatum
496 1668 524 1723 in
534 1684 634 1724 annum
646 1670 789 1746 imperium

97 1830 137 1894 11.
154 1836 206 1891 Ver
216 1829 384 1908 procellosum
399 1848 431 1889 eo
443 1848 513 1889 auno
524 1829 583 1890 suit.
600 1832 679 1908 pridie
692 1830 791 1901 Parsia:

54 1914 148 1979 mciiio
158 1914 241 1973 ferme
254 1914 302 1980 die,
323 1911 397 1973 atrox
417 1932 480 1971 cum
498 1927 579 1970 vento
591 1916 725 1990 tempesias
743 1936 789 1976 co·

55 2004 118 2059 orta
136 1996 226 2056 multis
246 1992 319 2054 sacris
337 1993 497 2073 profanisque
509 1992 572 2052 locis
587 1995 696 2075 stragem
711 1998 785 2058 fecit:

56 2076 133 2161 signa
153 2096 222 2139 aenea
241 2077 269 2134 in
292 2074 421 2155 Capitolio
441 2078 548 2154 dejecit:
576 2074 662 2136 forem
682 2098 716 2161 err
736 2080 790 2139 aede

58 2164 153 2227 Lunx.
179 2178 235 2239 qua
247 2159 275 2217 iu
293 2160 423 2219 Aventino
435 2160 481 2225 est,
507 2174 607 2237 raptam
627 2160 693 2224 tulit,
719 2166 748 2221 bt
763 2162 793 2221 iu

59 2242 168 2327 pollicis
179 2238 314 2320 parietibus
325 2241 424 2300 Cereris
434 2240 525 2318 templi
536 2240 633 2299 affixit:
657 2244 730 2319 signa
746 2242 793 2300 alia

60 2330 93 2403 iu
105 2325 176 2383 circo
191 2323 311 2381 martimo
326 2342 388 2381 cum
402 2322 538 2387 columnis,
564 2322 656 2399 quibus
672 2324 795 2399 supersta-

58 2408 137 2473 battt,
156 2406 260 2465 evertit:
272 2402 375 2504 fastigia
389 2402 485 2482 aliquot
495 2403 654 2482 templorum
670 2402 686 2461 ai
703 2404 797 2465 culmi·

64 2487 267 2565 diburabrupta
285 2486 357 2545 ferde
369 2486 505 2564 dissipauit.
543 2489 632 2562 itaque
643 2488 669 2542 in
683 2488 798 2566 prodigi-

13 2586 37 2603 ·
65 2590 118 2632 um
129 2567 201 2629 verse
212 2586 242 2625 ea
258 2568 405 2645 tempestas,
416 2570 597 2645 procurarique
610 2566 734 2643 aruspices
747 2568 800 2647 jus·

66 2653 166 2713 serunt.
183 2646 262 2707 simui
271 2662 439 2726 procruatum
455 2651 503 2716 est,
520 2648 588 2727 qubd
599 2649 723 2725 tripedem
740 2672 801 2711 mu·

68 2735 132 2794 ium
149 2732 230 2791 Recte
243 2745 334 2790 uatum
352 2732 506 2791 nunciatum
526 2746 590 2789 erat:
620 2734 649 2790 &
668 2729 805 2791 iForuriis

71 2813 159 2879 aedem
170 2810 290 2892 'Apoiiiu'is
302 2797 400 2892 Caietae
405 2812 442 2953 ξε
456 2804 525 2873 cotio
535 2810 643 2874 tesiam.
654 2810 689 2872 ob
701 2833 731 2873 ea
739 2831 805 2951 pro·

407 2967 410 2973 Ι
448 2913 465 2952 a
757 2910 811 2970 rqra
