1740 3300
134 213 155 274 6
352 208 616 280 T.LIVII

123 307 197 379 fulta
211 320 328 399 facienda
347 322 398 400 effe.
423 321 469 400 nist
485 327 553 403 quod
569 341 617 383 aut
635 340 746 405 praenes
763 347 795 385 ex
813 323 867 406 pra'

129 406 216 460 vinciis
225 404 371 479 scriberent,
390 421 439 462 aut
456 406 532 481 legati
553 413 733 473 remearent,
751 411 814 468 nihil
827 432 857 469 ra

129 501 188 541 tum
206 484 292 543 haberi
308 485 401 546 debere.
439 490 466 543 Si
478 490 605 548 tumultus
625 496 651 549 in
670 494 788 573 Hispania
805 496 869 572 effer,

126 569 229 645 placere,
249 570 429 626 tumultuarios
439 572 528 628 midtes
546 588 622 631 extre
634 576 736 633 Italiam
749 575 827 652 sm'bi
845 575 869 634 al

124 665 232 727 pretore.
274 654 350 708 Mens
366 671 395 708 ea
411 652 509 711 senatur
525 652 584 720 fuit,
602 671 631 715 ut
650 658 677 713 in
694 656 812 733 Hispania
826 674 869 716 ru·

25 790 29 797 ,
129 733 259 792 mulruarii
279 734 374 793 milites
398 732 549 815 legerentur.
592 738 705 796 Valerius
728 741 816 797 Antias
845 751 853 788 ἰ

127 817 155 872 in
171 815 282 874 Siciliam
300 816 427 896 navigasse
438 818 550 877 delestus
565 820 650 878 mussa
663 823 697 880 C.
709 820 867 880 Flaminium

127 898 227 956 scribit:
249 902 277 957 δι
295 917 327 956 ex
339 899 423 957 Sicilia
437 898 587 977 Hispaniam
606 916 750 981 petentem,
767 917 868 982 tempe-

129 983 191 1039 state
209 983 236 1038 in
256 980 369 1039 Africam
389 981 512 1047 delatum,
534 1002 615 1063 vagos
636 984 730 1043 milites
744 986 778 1043 de
795 1004 868 1044 exer·

5 1120 7 1125 ,
128 1066 181 1122 ciru
201 1068 230 1123 P.
248 1063 361 1123 Africani
379 1062 537 1124 sacramento
557 1067 675 1147 rogassem
697 1067 737 1125 lais
753 1068 867 1127 duarum

168 1320 218 1375 ΙΙΙ.
238 1319 298 1375 Nec
317 1316 436 1393 initalia
448 1314 549 1399 segnibs
564 1321 691 1401 Ligurum
703 1316 800 1377 bellum
812 1336 868 1379 cre·

127 1396 217 1458 scebat.
258 1402 325 1458 Pisas
340 1401 397 1476 jam
409 1404 576 1481 quadraginta
591 1401 703 1459 millibus
714 1401 867 1466 hominum,

126 1482 246 1539 affluente
254 1482 367 1559 quotidie
375 1484 541 1543 multitudine
553 1485 585 1543 ad
603 1484 702 1542 famam
712 1484 770 1541 belli
779 1483 863 1561 spem·

126 1583 177 1641 quc
190 1566 289 1641 praedae,
305 1565 532 1627 circumsedebant.
574 1564 705 1625 Minucius
719 1564 808 1623 consul
821 1568 862 1625 Ar·

124 1653 216 1705 retium
238 1649 287 1713 die,
306 1666 386 1726 quem
406 1649 517 1707 edixerat
529 1648 560 1707 ad
574 1648 782 1707 conveniendum
798 1647 861 1704 mili·

124 1731 200 1795 ribus,
220 1733 299 1790 venit.
316 1733 376 1789 inde
395 1733 517 1808 quadrato
535 1730 689 1811 agmine.ad
706 1730 772 1787 Pisas
783 1729 858 1788 duxlt

125 1819 153 1872 ἃ
174 1832 258 1890 quum
276 1813 362 1871 hostes
380 1832 434 1869 non
451 1815 508 1889 plus
528 1812 647 1888 passuum
659 1806 741 1869 tribus
754 1809 859 1867 millibus

3 1960 5 1965 ,
123 1897 154 1954 ab
176 1897 276 1974 oppido
292 1909 361 1954 trans
376 1895 489 1953 flurium
507 1894 648 1951 movissent
668 1893 755 1957 casira,
777 1892 847 1951 cons

2 1970 5 2045 l
123 1980 225 2044 urbem,
245 1979 312 2037 haud
329 1974 406 2035 dubid
427 1977 549 2036 serratam
566 1976 676 2034 adventu
692 1974 747 2039 suo,
769 1977 808 2032 est
828 1978 832 1987 '

3 2050 24 2087 '.
123 2065 229 2143 gressus.
268 2061 372 2119 Postero
390 2061 432 2118 dle
449 2065 478 2120 ὃ(
498 2058 550 2137 ipse
565 2073 635 2117 trans
653 2058 767 2115 fluvium
783 2055 812 2114 fer

124 2147 193 2203 mille
219 2144 302 2221 passus
324 2143 356 2200 ab
373 2143 446 2200 hoste
466 2142 552 2218 posuit
573 2142 659 2199 castra.
684 2139 744 2197 inde
768 2137 811 2195 lev.

122 2227 218 2306 proeliis
232 2226 246 2284 d
259 2224 464 2304 populationibus
473 2244 566 2303 agrum
579 2223 709 2282 sociorum
723 2220 810 2279 tutaba

124 2313 150 2368 in
170 2312 251 2369 aciem
276 2309 345 2366 exire
365 2328 419 2366 non
438 2308 546 2367 audebat
563 2327 570 2371 ς
588 2324 661 2364 novo
680 2304 762 2363 milite
783 2306 809 2364 δι

1 2384 3 2419 l
123 2393 212 2451 multis
230 2392 365 2472 generibus
378 2391 519 2449 hominum
534 2388 653 2453 collecto,
671 2387 784 2445 necdum
798 2404 808 2443 r

123 2477 181 2533 satis
198 2477 263 2532 inter
280 2474 313 2539 se,
335 2492 365 2533 ut
385 2475 461 2533 fidere
474 2472 514 2531 alii
535 2471 589 2530 aliis
608 2470 717 2548 pollent.
758 2469 796 2527 Li

124 2557 289 2616 multitudine
310 2557 368 2615 freti
389 2563 416 2617 bt
442 2560 469 2614 in
489 2556 572 2615 aciem
597 2553 708 2617 exibant,
735 2570 777 2628 par

123 2641 228 2699 summa
235 2658 323 2698 rerum
335 2639 480 2698 decernere:
488 2645 516 2699 δι
525 2638 679 2697 abundantes
687 2634 766 2693 milita·

125 2743 200 2782 mero
214 2723 305 2800 passim
321 2722 415 2780 multas
426 2741 519 2780 manus
538 2740 583 2799 per
593 2732 709 2776 extrema
724 2717 765 2773 sm:¹

122 2806 288 2886 praedandum
304 2805 468 2865 emittebant:
483 2810 603 2880 &quum
615 2802 706 2858 coadla
717 2800 756 2857 ris

116 2908 249 2965 pecorum
262 2888 405 2966 praedaeque
416 2887 484 2951 esset,
506 2900 623 2963 paratum
640 2896 695 2941 erat
706 2900 764 2959 praei

56 2989 160 3100 X
173 2973 247 3029 duod
260 2974 287 3031 in
302 2971 403 3033 castella
416 2987 510 3031 corum
525 2966 647 3048 uicosque
657 2980 765 3104 agerpxtlur
