1740 3300
97 155 156 215 152
306 130 586 199 T.1.1vtt

93 254 185 306 terent,
205 260 288 318 quum
303 240 470 300 dedidissent,
490 259 572 314 neque
583 237 642 312 ipsae
655 236 732 296 ferire
745 237 822 295 rostro

93 325 194 380 hostem
207 340 332 399 poterant,
353 328 379 379 &
393 320 544 396 obliquasse
557 319 616 395 ipsae
631 321 662 376 ad
679 322 749 378 istus
768 332 825 397 pt!-

93 404 200 462 bebant:
230 400 357 479 &liquit
377 417 546 465 concurrerat,
575 400 734 459 obruebatur
746 396 827 457 infuso

94 487 162 564 igni3
191 486 321 565 magilque
335 483 364 539 ad
377 484 536 546 incendium,
554 479 634 559 quim
648 484 681 539 ad
695 482 827 559 prelium,

94 568 257 643 trepidabant.
296 564 440 620 Plurimum
460 578 559 627 tamen,
584 583 642 639 quae
656 560 734 628 solet,
766 562 828 621 mili·

94 666 152 705 tum
166 651 244 706 virtus
255 646 282 701 in
296 644 362 702 bello
376 645 459 702 valuit.
481 647 592 701 mediam
613 663 732 720 namque
748 646 828 703 aciem
862 668 864 731 p

95 731 207 785 hostium
226 728 341 783 Romani
357 747 440 804 quum
455 726 585 802 rupissent,
606 726 827 783 circumvenio
862 734 864 767 ¹

94 826 167 886 tergo
183 808 356 886 pugnantibus
367 807 482 866 adversus
495 807 612 865 Rhodios
625 809 706 883 regiis
720 807 777 865 sese
788 806 829 863 ob·

92 890 188 962 jecere:
212 902 403 966 momentoque
415 890 539 963 temporis
551 892 578 947 δι
594 890 680 943 media
694 890 768 946 acies
784 892 830 945 dn·

92 970 184 1032 tiochi,
202 976 229 1029 be
241 968 306 1027 laevo
319 972 346 1025 in
358 989 439 1028 cornu
460 970 642 1026 circumventae
660 988 746 1026 naves
768 988 830 1027 mn·

93 1051 226 1129 gebanrut.
266 1056 375 1107 Dextera
393 1071 451 1129 para
471 1052 568 1127 integra
589 1049 726 1107 sociorum
753 1052 831 1129 magu

93 1132 161 1188 clade
175 1131 254 1208 quim
267 1130 315 1187 suo
325 1132 437 1207 periculo
451 1130 594 1187 terrebatur.
613 1144 738 1188 ceterum
751 1136 831 1207 polit·

92 1230 186 1288 aquam
205 1214 262 1268 alias
280 1206 475 1273 eiicumventas‚
495 1210 638 1287 praetoriam
662 1229 772 1269 navem
790 1216 830 1271 Po»

92 1293 215 1370 lyxenidae
226 1292 319 1351 relidiis
332 1291 405 1350 sociis
421 1289 474 1349 vela
487 1291 591 1349 dantem
612 1289 713 1357 videre;
756 1294 831 1352 subla·

94 1378 126 1433 tis
147 1377 241 1451 raptim
264 1374 399 1432 dolonibus
418 1374 456 1445 (&
477 1388 529 1430 erat
543 1371 666 1429 secundus
681 1376 830 1448 petentibnt

94 1456 225 1532 Ephesum
251 1460 354 1529 ventus)
374 1454 501 1530 capessunt
523 1455 632 1532 fugam,
659 1455 830 1535 quadraginta

94 1536 190 1593 duabus
206 1537 311 1593 mribus
332 1538 358 1592 in
376 1555 405 1593 ea
421 1552 510 1613 pugna
521 1534 630 1591 amitiit:
650 1553 769 1609 quarum
786 1538 828 1593 de-

95 1638 153 1675 cem
169 1624 195 1678 ὃ(
212 1633 261 1675 tres
275 1634 354 1695 captae
367 1618 393 1674 in
406 1619 555 1692 potellatem
567 1616 680 1672 hostium
695 1631 828 1681 venerunt,

94 1716 184 1757 ceterae
205 1700 312 1758 incensae
331 1714 376 1757 aut
393 1699 520 1756 demersae.
561 1702 752 1755 Romanorum
775 1700 828 1756 duae

95 1801 170 1839 naves
185 1783 272 1838 fradiae
283 1782 351 1845 sunt,
366 1781 501 1839 vulneratae
514 1778 619 1855 aliquot.
659 1779 767 1837 Rhodia
780 1798 827 1837 um

95 1878 167 1936 capta
179 1861 340 1919 memorabili
353 1863 418 1918 casu.
445 1881 506 1918 nam
521 1880 604 1937 quum
624 1864 708 1917 rostro
728 1858 827 1938 pereni·

94 1941 161 1998 fiffet
177 1941 307 1998 Sidoniam
326 1959 427 2002 navem,
444 1960 536 1998 ancora
551 1943 605 1997 inu
618 1940 674 2016 ipso
692 1942 795 2002 exeuss'n
811 1936 826 1999 ὲ

95 2040 160 2077 nave
176 2020 227 2085 sua,
254 2041 324 2077 unco
338 2024 421 2085 dente,
438 2022 507 2079 velut
524 2040 603 2078 manu
625 2022 704 2081 ferrea
723 2024 825 2099 injedh,

92 2099 205 2179 'alligavit
226 2100 325 2159 alterius
353 2121 470 2177 proram:
506 2103 564 2159 inde
593 2104 708 2160 tumultu
730 2096 826 2178 injebto

94 2203 178 2259 quum
202 2181 316 2241 divellere
336 2184 360 2240 se
382 2183 413 2239 ab
439 2182 512 2241 hoste
531 2184 661 2259 cupientes
684 2185 826 2242 inhiberent

95 2266 200 2329 Rhodii,
223 2265 334 2321 ttadlum
351 2265 465 2322 ancorale
479 2269 504 2323 dr
520 2264 675 2340 implicitum
696 2268 779 2323 remis
793 2264 824 2323 la·

95 2364 135 2404 tus
149 2348 255 2405 alterum
268 2347 376 2409 detersrt‚
396 2344 589 2404 &debilitatam
603 2365 632 2402 ea
644 2345 697 2420 ipsa
704 2366 767 2422 quae
776 2346 825 2403 itta

95 2429 230 2488 cohaeserat
238 2431 325 2486 navim
339 2429 415 2505 cepit.
433 2426 484 2483 hoc
498 2423 611 2484 maximd
626 2429 709 2484 modo
723 2429 758 2485 ad
766 2432 825 2503 My·

95 2512 221 2568 onnesum
237 2510 317 2567 navali
329 2509 423 2586 proelio
437 2524 580 2584 pugnatum
599 2510 644 2566 est.

135 2596 239 2649 XXXI.
255 2596 317 2671 Qu
328 2592 427 2649 territus
436 2588 584 2649 Antiochus,
604 2591 662 2663 quia
674 2588 827 2667 pofl'eliione

95 2672 172 2728 maris
188 2672 269 2744 pulsus
291 2673 429 2749 longinqua
454 2675 518 2727 tucri
541 2670 671 2727 diffidebat
698 2671 724 2728 se
747 2670 827 2747 posse,

95 2752 238 2828 presidium
253 2751 285 2807 ab
301 2752 469 2826 Lysimachia,
491 2771 523 2807 ne
537 2752 725 2827 opprimeretur
744 2752 779 2809 ibi
795 2750 826 2809 ab

94 2832 230 2893 Romanis,
249 2832 339 2891 deduci
353 2850 441 2908 pravo,
460 2848 490 2890 ut
507 2851 545 2889 res
557 2830 608 2909 ipsa
622 2835 710 2908 postea
726 2833 825 2894 docuit,

758 2931 825 2975 <on-
