1740 3300
119 124 335 229 uinna
376 124 553 205 xxxrx,
647 146 713 225 gar

28 248 159 309 Terentius
180 251 208 307 in
230 248 380 308 Suessetanis
397 248 524 327 oppidum
544 243 716 305 Corbionem·

28 332 56 388 :is
76 336 103 390 dc
122 331 239 409 operibus
254 330 421 410 expugnavit,
446 330 562 405 captivos
583 328 708 387 vendidit.

28 428 58 470 ra
73 412 164 471 deinde
181 413 326 472 hiberna&
342 411 443 471 citerior
460 412 593 489 provincia
611 409 708 470 habuit.

28 513 79 552 uer
93 509 222 569 praetores,
243 495 276 555 C.
289 493 442 572 Calpurnius
456 492 557 552 Piso&
578 496 609 553 L.
621 490 707 570 Quina

28 615 33 638 .
59 577 180 633 Romam
198 575 333 634 redieruut.
358 576 462 652 utrique
480 588 581 653 magno
600 589 716 652 patrum·

28 655 99 714 seusu
118 655 266 733 triumphus
283 659 320 714 est
338 657 460 715 decretus.
498 656 572 714 Prior
593 658 627 716 C.
645 653 716 714 eat·-

28 739 82 796 rius
92 738 265 796 deLufitanis
276 741 304 798 bt
317 736 448 797 Celtiberis
463 736 640 816 triumpharit.
659 755 707 796 oo·

28 840 51 878 rs
63 838 146 878 aureas
157 818 215 878 tulit
227 819 362 898 odioginta
373 835 433 885 tres,
452 822 480 880 bt
492 820 630 879 duodecim
643 816 706 876 mil·

28 902 107 959 >oudo
123 903 230 982 argenti:
275 905 371 960 Paucos
386 903 445 979 post
462 901 516 959 dies
536 907 568 960 L.
582 900 715 981 Quintiue'

28 984 104 1061 pinus
118 1001 149 1040 ex
165 984 255 1040 iisdem
269 983 393 1041 Lufiuuis
410 981 591 1061 Celtiberisque
611 982 705 1042 uiuus

28 1068 71 1123 eit.
91 1066 242 1123 tantundem
261 1066 314 1122 auri
326 1078 404 1145 atque
416 1065 515 1144 argenti
525 1067 553 1122 in
564 1083 597 1123 eo
610 1066 720 1125 trium-⁶

43 1149 202 1207 multatum.
240 1147 372 1212 Censores,
391 1151 432 1206 M.
444 1147 549 1207 Porcius
562 1152 590 1208 δι
607 1152 639 1207 L.
651 1152 705 1206 Va·

29 1250 56 1295 ts,
69 1242 143 1286 metu
155 1231 236 1288 mixta
244 1228 559 1308 exspediatiouesenatum
571 1229 703 1309 legerunt:

29 1331 69 1370 ern
91 1327 229 1370 moverunt
243 1309 349 1369 senatu..
359 1329 392 1368 ex
409 1310 502 1387 quibus
520 1329 604 1369 unum
625 1309 712 1388 inriga·

29 1414 35 1450 ι
58 1397 86 1453 be
102 1392 231 1451 nobilitate
244 1396 271 1450 δι
285 1392 435 1456 honoribus,
454 1396 485 1450 L.
496 1392 637 1470 Quintium
650 1390 712 1449 rua·

29 1477 106 1534 inum
114 1473 282 1535 consularem.
304 1477 409 1533 Parrum
423 1474 715 1533 memoriainstiautum·

29 1577 61 1622 rr,
82 1573 113 1616 ut
125 1557 239 1617 censores
250 1557 329 1614 motis
342 1553 430 1614 senatu
444 1556 611 1614 adscriberent
622 1570 709 1615 notar:

29 1642 80 1698 >nis
92 1645 120 1699 be
133 1639 186 1697 aliae
197 1639 301 1715 quidem
315 1640 411 1697 acerbae
423 1639 549 1696 orationes
565 1640 661 1696 extlaur
675 1639 715 1695 in·

47 1741 112 1799 quos
126 1735 171 1779 aut
184 1720 309 1778 senatorio
323 1719 383 1777 loco
398 1720 493 1783 movit,
511 1734 556 1778 aut
570 1720 662 1796 quibus
675 1737 717 1777 er·

29 1824 39 1862 s
52 1805 161 1863 ademit:
184 1798 262 1881 longe
274 1800 419 1880 gravissrma
431 1802 458 1858 in
474 1806 506 1860 L.
519 1802 659 1879 Qrintium
674 1817 719 1860 oe·

29 1905 37 1942 >
51 1889 95 1951 est,
115 1905 168 1962 qua
180 1885 199 1942 sr
214 1883 342 1943 aecusator
356 1897 528 1949 antenorem,
545 1903 600 1942 uon
613 1883 712 1943 censor

29 1985 133 2026 :notam
146 1965 204 2024 usus
218 1965 287 2030 effer,
305 1967 415 2023 retinere⁴
424 1967 563 2037 Quintium
577 1966 718 2034 insenutrt‘t

29 2050 99 2107 frater
111 2049 214 2127 quidem
227 2053 261 2107 T.
274 2048 406 2124 Quintius,
427 2048 523 2111 seturu·
533 2047 622 2108 censor
634 2048 708 2113 essert

29 2133 103 2191 ridet.
142 2135 212 2190 luter
224 2144 306 2190 cetera
321 2131 417 2204 objecit
429 2131 461 2196 ei,
478 2131 625 2209 Philippum
640 2134 713 2188 Poe·-

29 2232 50 2277 r,
72 2230 161 2271 earum
175 2231 205 2269 ae
216 2212 301 2270 nobile
310 2210 437 2276 scortum,
458 2214 491 2270 ab
504 2215 630 2271 Romaiu
640 2211 713 2271 Gal·

29 2315 35 2350 ι
56 2293 216 2371 provinciam
235 2293 280 2370 spe
298 2293 448 2370 ingentium
464 2294 596 2353 donorum
606 2293 705 2371 perro»

29 2393 63 2435 rr.
82 2393 144 2432 eum
161 2391 287 2450 puerum·
299 2392 345 2450 per
362 2371 491 2432 lasciviam
504 2393 588 2452 quum
607 2373 713 2433 mula--

31 2478 52 2523 r,
63 2454 213 2532 exprobrare
226 2454 441 2532 cousulipersaepe
450 2453 563 2522 solitum,
578 2455 646 2535 qudd
658 2456 710 2514 sub.

31 2559 60 2599 m
70 2536 244 2617 spectaculum
252 2536 432 2617 gladiatorium
441 2537 604 2599 abdubiueab
613 2543 703 2600 Roma

29 2644 43 2687 t,
69 2638 98 2679 ut
115 2617 266 2697 obsequium
279 2620 389 2679 amatori
398 2619 550 2680 venditaret.
586 2622 661 2684 Forte
675 2643 703 2683 e·

30 2704 117 2763 ortibus
135 2704 175 2768 iis,
191 2721 282 2779 quum·
296 2701 429 2777 jamviuo
443 2701 606 2773 incaluissent,
634 2728 704 2767 nuo*

30 2803 72 2845 um
86 2786 113 2841 iu
129 2785 253 2844 convivio
266 2785 325 2851 esse,
353 2782 465 2842 nobilem
478 2787 574 2861 Bojum
594 2809 656 2850 cum
673 2791 704 2848 li.
777 2818 779 2825 ·

30 2888 42 2929 s
55 2867 213 2950 transfugam
230 2867 337 2930 venisse:
357 2869 495 2942 conuenire
506 2869 637 2930 consulem
651 2871 706 2931 trelu

351 2955 430 3033 05*
672 2950 726 3032 b-
