1696 3750
133 131 345 202 urunt
386 126 583 198 xxxvut.
663 151 723 221 ²37

20 287 22 294 ,
34 238 108 314 pacis
116 236 180 318 leges
192 237 342 300 dicerentur,
355 238 382 295 &
394 233 427 293 ab
442 233 573 292 Ariarathe
586 251 645 315 tege
659 237 729 312 Cap·

20 322 124 378 tdocum
149 332 282 383 venerunt,
305 318 337 375 ad
361 318 464 374 reniam
486 315 632 393 petendam.
656 316 729 375 luen·

20 420 106 480 mque
120 403 227 479 pecunia
245 418 351 465 noxam,
372 397 442 477 quod
456 397 556 457 auxiliis
568 396 729 459 surocham

20 484 105 544 viffer.
146 486 178 542 Ei
196 483 306 540 ducenta
322 481 413 541 talenta
430 482 530 559 argenti
543 478 603 539 stunt
619 481 730 558 impeta·

20 612 25 626 .
68 564 149 624 Gallis
162 560 324 640 responsumt
343 582 425 641 quum
442 568 573 623 Eumenes
585 581 631 621 rex
647 560 730 621 venis·

20 668 35 711 τ,
65 663 126 705 tum
148 646 269 703 daturum
289 646 319 701 iis
336 644 411 723 leges.
435 648 569 705 ciuitatum
590 645 732 724 legationes

20 747 58 785 tm
74 726 192 805 benignis
205 726 336 804 responfis.
350 727 454 784 laetiores
464 730 543 787 etiam
556 726 637 806 qulm
650 746 730 787 vene·

20 826 61 874 ut,
79 810 195 868 dimiiiie.
235 807 357 867 Antiochi
370 807 446 889 legati
456 811 594 886 pecuniam
606 811 635 869 in
649 812 730 870 Pam·

20 892 120 971 tyliam,
135 892 350 969 frumentumque
363 888 480 968 eipeeto
492 908 555 950 cum
568 896 600 953 L.
608 894 729 969 Scipione

20 975 93 1035 :dee
109 973 171 1051 julii
189 972 321 1032 advehere.
340 971 373 1029 eo
389 971 491 1030 lecum
506 973 620 1035 exercitu
638 988 731 1033 ventu·

21 1076 68 1115 tm.
108 1056 240 1130 Principio
249 1055 340 1113 deinde
352 1054 417 1111 veris
427 1053 530 1114 lullr'ato
542 1056 654 1115 aaron
668 1075 731 1135 peo-

21 1139 93 1200 Itur,
116 1137 157 1195 die
177 1138 272 1199 notato
289 1139 429 1215 Apameam
450 1137 528 1197 venit.
556 1136 592 1195 ibi
611 1139 729 1199 triduum

21 1219 94 1278 ativis
108 1216 207 1283 habitis,
223 1219 301 1279 totiis
319 1218 404 1277 nosos
423 1217 456 1278 ab
473 1223 587 1299 Apamea
601 1224 686 1281 callais
701 1224 730 1281 io

21 1299 187 1378 amphyliam,
205 1300 257 1378 qnh
269 1302 407 1380 pecuniam
420 1302 636 1379 frumentumque
646 1305 730 1381 regios

21 1381 141 1441 invehere
160 1383 269 1456 jusserat,
290 1383 413 1461 pervenit.
432 1381 543 1442 mille&
559 1385 731 1463 qulnquagin-

39 1465 135 1527 talenta
155 1468 252 1543 argenti
269 1478 374 1542 accepta
394 1466 539 1540 Apameam
559 1464 734 1542 deportantur.

21 1564 159 1610 amentum
178 1549 299 1607 exercitui
320 1547 451 1607 dividitur.
490 1546 554 1605 Inde
572 1546 603 1605 ad
622 1550 731 1627 Pergam

21 1636 83 1695 tcitt
103 1649 161 1705 quae
174 1650 224 1688 uua
240 1632 270 1687 in
289 1630 320 1686 iis
338 1629 403 1687 locis
415 1628 488 1707 regio
502 1626 634 1686 tenebatur
646 1630 731 1706 praefi.

21 1733 47 1772 o.
88 1710 310 1786 Appropinquanti
319 1708 456 1784 praelellus
468 1708 574 1784 presidii
585 1707 675 1768 obviur
689 1710 731 1771 fu·

21 1836 25 1856 ‚
46 1791 154 1869 triginta
172 1792 272 1848 dierum
291 1804 396 1865 tempus
410 1802 508 1867 petens,
526 1802 555 1848 ut
570 1807 657 1871 regem
677 1795 731 1853 An·

21 1873 119 1934 ochum
136 1871 169 1929 de
182 1871 243 1929 urbe
255 1871 375 1931 tradenda
391 1869 537 1931 consuleret.
555 1872 617 1934 dato
628 1888 730 1956 tempo·

21 2001 30 2027 ,
54 1956 87 2014 ad
106 1969 164 2012 eam
184 1954 253 2012 diem
270 1954 387 2034 praefidio
400 1954 528 2013 deceii'um
549 1957 593 2016 est.
613 1954 628 2016 l
648 1962 729 2040 Perga

21 2088 26 2101 .
40 2037 144 2099 Manlio
157 2038 234 2096 fratre
243 2056 305 2097 cum
317 2048 427 2116 quatuor
439 2036 548 2097 millius
560 2038 674 2099 militum
688 2049 728 2101 0-

21 2123 99 2186 anth,
118 2119 149 2177 nd
167 2112 294 2198 ¹reliquum
312 2120 427 2196 pecuniae
439 2138 472 2178 er
487 2122 603 2200 eoquod
622 2123 728 2203 pepige-

21 2221 53 2263 nt
66 2203 233 2281 exigendum,
255 2202 346 2267 miff03
369 2201 430 2280 ipse,
447 2205 507 2280 quia
524 2207 672 2275 Eumenem
688 2223 729 2262 re-

21 2304 61 2344 em
84 2290 113 2344 δι
131 2285 221 2343 decem
233 2284 330 2365 legatos
341 2283 373 2342 ab
387 2288 476 2344 Roma
487 2284 618 2362 Ephesum
632 2286 728 2342 venisse

21 2369 117 2430 adierat,
140 2366 212 2441 juste
228 2366 298 2446 sequi
314 2366 436 2427 Antiochi
455 2366 553 2447 legatis,
582 2371 727 2447 Apameam

21 2451 136 2511 :ercitum
148 2443 255 2511 reduxit.
337 2486 341 2491 ·

31 2535 196 2592 XXXVIII.
222 2534 261 2593 Ibi
279 2553 311 2593 ex
329 2533 419 2592 decem
440 2532 585 2613 legatorum
609 2530 729 2593 sententia

22 2617 84 2675 edus
100 2617 127 2674 in
146 2613 203 2675 haec
222 2616 296 2675 verba
316 2618 368 2674 fere
384 2635 448 2676 eum
464 2614 593 2673 Antiocho
613 2613 727 2675 conscri-

22 2701 131 2757 umell:
146 2700 266 2756 Amicitia
276 2701 327 2773 regi
334 2696 453 2756 Antiocho
464 2716 521 2753 cum
526 2696 609 2773 populo
616 2705 724 2758 Romano

22 2780 135 2854 slegibur
149 2779 423 2856 &comoriensem
442 2788 482 2837 Ne
495 2796 569 2854 quem
580 2782 726 2841 exercitum,

22 2866 40 2921 u'
52 2882 113 2925 cum
119 2864 204 2943 papirio
217 2871 323 2927 Romam
332 2862 452 2940 sociisque
463 2858 556 2920 betham
569 2860 681 2934 gesturus
696 2876 726 2983 ξ

678 2949 723 2989 ria
